"[{'angebotid': 3072373, 'externeid': None, 'titel': 'Dr. Oetker Ristorante Pizza, Piccola oder Flammkuchen', 'preis': 1.66, 'beschreibung': 'versch. Sorten, z.B.: Salame 320g, Speziale 330g, Flammkuchen Elsaesser Art 265g, Packung, (1kg=5,19/5,03/6,26)', 'punkte_deutschlandcard': '0', 'zusatztext': '*Nicht in allen Filialen erhaeltlich. Alle weiteren Informationen der Firma und Anschrift Ihres teilnehmenden EDEKA-Marktes finden Sie unter www.edeka.de/marktsuche oder unter der Telefonnummer 0800 724 28 55 (kostenfrei aus dem dt. Fest- und Mobilfunknetz). Alle Angebote g\u00c3\u00bcltig bis Samstag, 17.04.2021, KW 15. Wir haben uns f\u00c3\u00bcr diesen Zeitraum ausreichend bevorratet. Bitte entschuldigen Sie, wenn die Artikel auf Grund der gro\u00c3\u0178en Nachfrage dennoch im Einzelfall ausverkauft sein sollten. Abgabe in haushalts\u00c3\u00bcblichen Mengen. F\u00c3\u00bcr Darstellungsfehler \u00c3\u00bcbernehmen wir keine Haftung. EDEKA-Markt Minden-Hannover GmbH, Wittelsbacherallee 61, 32427 Minden.', 'bild_web90': 'https://offer-images.api.edeka/7f3629eb-7363-412c-82d1-75caede0ca2f_8195.jpg', 'bild_web130': 'https://offer-images.api.edeka/f000af2a-097f-4746-94c1-ead8ec39a3ff_8195.jpg', 'bild_app': 'https://offer-images.api.edeka/76b84063-85e1-42d3-b4ed-92d6bfaf937b_8195.jpg', 'warengruppe': 'Tiefk\u00c3\u00bchl', 'warengruppeid': 5, 'kriterien': None, 'sonderkennzeichen': None, 'zutaten': None, 'nachlass': None, 'genussplus': None, 'basicPrice': '1kg=5,19/5,03/6,26', 'national': False, 'gueltig_bis': 1618610400000}, {'angebotid': 3072374, 'externeid': None, 'titel': 'Hohes C Fruchtsaefte', 'preis': 0.99, 'beschreibung': 'versch. Sorten, pfandfrei, 1l PET-Flasche', 'punkte_deutschlandcard': '0', 'zusatztext': '*Nicht in allen Filialen erhaeltlich. Alle weiteren Informationen der Firma und Anschrift Ihres teilnehmenden EDEKA-Marktes finden Sie unter www.edeka.de/marktsuche oder unter der Telefonnummer 0800 724 28 55 (kostenfrei aus dem dt. Fest- und Mobilfunknetz). Alle Angebote g\u00c3\u00bcltig bis Samstag, 17.04.2021, KW 15. Wir haben uns f\u00c3\u00bcr diesen Zeitraum ausreichend bevorratet. Bitte entschuldigen Sie, wenn die Artikel auf Grund der gro\u00c3\u0178en Nachfrage dennoch im Einzelfall ausverkauft sein sollten. Abgabe in haushalts\u00c3\u00bcblichen Mengen. F\u00c3\u00bcr Darstellungsfehler \u00c3\u00bcbernehmen wir keine Haftung. EDEKA-Markt Minden-Hannover GmbH, Wittelsbacherallee 61, 32427 Minden.', 'bild_web90': 'https://offer-images.api.edeka/507c8347-03c0-4330-95d0-b44df00b7d21_hc_MildeOrange_2015.jpg', 'bild_web130': 'https://offer-images.api.edeka/bc848022-1842-4ee3-9b51-28c6d43c4b63_hc_MildeOrange_2015.jpg', 'bild_app': 'https://offer-images.api.edeka/4c21bb56-6ce4-4f93-b63f-8d5ac506ef55_hc_MildeOrange_2015.jpg', 'warengruppe': 'Getraenke', 'warengruppeid': 7, 'kriterien': None, 'sonderkennzeichen': None, 'zutaten': None, 'nachlass': None, 'genussplus': None, 'basicPrice': None, 'national': False, 'gueltig_bis': 1618610400000}, {'angebotid': 3072375, 'externeid': None, 'titel': 'Langnese Cremissimo', 'preis': 1.69, 'beschreibung': 'Eiskompositionen, versch. Sorten, 900/1300ml Schale, (1l=1,88/1,30)', 'punkte_deutschlandcard': '0', 'zusatztext': '*Nicht in allen Filialen erhaeltlich. Alle weiteren Informationen der Firma und Anschrift Ihres teilnehmenden EDEKA-Marktes finden Sie unter www.edeka.de/marktsuche oder unter der Telefonnummer 0800 724 28 55 (kostenfrei aus dem dt. Fest- und Mobilfunknetz). Alle Angebote g\u00c3\u00bcltig bis Samstag, 17.04.2021, KW 15. Wir haben uns f\u00c3\u00bcr diesen Zeitraum ausreichend bevorratet. Bitte entschuldigen Sie, wenn die Artikel auf Grund der gro\u00c3\u0178en Nachfrage dennoch im Einzelfall ausverkauft sein sollten. Abgabe in haushalts\u00c3\u00bcblichen Mengen. F\u00c3\u00bcr Darstellungsfehler \u00c3\u00bcbernehmen wir keine Haftung. EDEKA-Markt Minden-Hannover GmbH, Wittelsbacherallee 61, 32427 Minden.', 'bild_web90': 'https://offer-images.api.edeka/4a0a5efa-a457-4e45-8793-c2215db09059_8711327478961_PER.jpg', 'bild_web130': 'https://offer-images.api.edeka/cd0a050d-adb4-4b67-ab13-b4b17262eeee_8711327478961_PER.jpg', 'bild_app': 'https://offer-images.api.edeka/1f2d8243-7b64-4550-bc3e-678f473558b5_8711327478961_PER.jpg', 'warengruppe': 'Tiefk\u00c3\u00bchl', 'warengruppeid': 5, 'kriterien': None, 'sonderkennzeichen': None, 'zutaten': None, 'nachlass': None, 'genussplus': None, 'basicPrice': '1l=1,88/1,30', 'national': False, 'gueltig_bis': 1618610400000}, {'angebotid': 3072376, 'externeid': None, 'titel': 'Milka Schokolade', 'preis': 0.59, 'beschreibung': 'versch. Sorten, 85/100g Tafel, (100g=0,69/0,59)', 'punkte_deutschlandcard': '0', 'zusatztext': '*Nicht in allen Filialen erhaeltlich. Alle weiteren Informationen der Firma und Anschrift Ihres teilnehmenden EDEKA-Marktes finden Sie unter www.edeka.de/marktsuche oder unter der Telefonnummer 0800 724 28 55 (kostenfrei aus dem dt. Fest- und Mobilfunknetz). Alle Angebote g\u00c3\u00bcltig bis Samstag, 17.04.2021, KW 15. Wir haben uns f\u00c3\u00bcr diesen Zeitraum ausreichend bevorratet. Bitte entschuldigen Sie, wenn die Artikel auf Grund der gro\u00c3\u0178en Nachfrage dennoch im Einzelfall ausverkauft sein sollten. Abgabe in haushalts\u00c3\u00bcblichen Mengen. F\u00c3\u00bcr Darstellungsfehler \u00c3\u00bcbernehmen wir keine Haftung. EDEKA-Markt Minden-Hannover GmbH, Wittelsbacherallee 61, 32427 Minden.', 'bild_web90': 'https://offer-images.api.edeka/8ac581ce-c641-4bf3-98fb-9a7452cd4f3b_3045140105502_VOR.jpg', 'bild_web130': 'https://offer-images.api.edeka/a5355705-dc69-4508-afb1-8819b627c3f8_3045140105502_VOR.jpg', 'bild_app': 'https://offer-images.api.edeka/f503fca6-4065-4a0e-9f0d-de575e4ceeb9_3045140105502_VOR.jpg', 'warengruppe': 'Knabbern & Naschen', 'warengruppeid': 10, 'kriterien': None, 'sonderkennzeichen': None, 'zutaten': None, 'nachlass': None, 'genussplus': None, 'basicPrice': '100g=0,69/0,59', 'national': False, 'gueltig_bis': 1618610400000}, {'angebotid': 3072377, 'externeid': None, 'titel': 'Rama', 'preis': 0.99, 'beschreibung': 'versch. Sorten, 225g Becher, (100g=0,44)', 'punkte_deutschlandcard': '0', 'zusatztext': '*Nicht in allen Filialen erhaeltlich. Alle weiteren Informationen der Firma und Anschrift Ihres teilnehmenden EDEKA-Marktes finden Sie unter www.edeka.de/marktsuche oder unter der Telefonnummer 0800 724 28 55 (kostenfrei aus dem dt. Fest- und Mobilfunknetz). Alle Angebote g\u00c3\u00bcltig bis Samstag, 17.04.2021, KW 15. Wir haben uns f\u00c3\u00bcr diesen Zeitraum ausreichend bevorratet. Bitte entschuldigen Sie, wenn die Artikel auf Grund der gro\u00c3\u0178en Nachfrage dennoch im Einzelfall ausverkauft sein sollten. Abgabe in haushalts\u00c3\u00bcblichen Mengen. F\u00c3\u00bcr Darstellungsfehler \u00c3\u00bcbernehmen wir keine Haftung. EDEKA-Markt Minden-Hannover GmbH, Wittelsbacherallee 61, 32427 Minden.', 'bild_web90': 'https://offer-images.api.edeka/df9c845b-cf1c-4440-b1b8-ff1e87f8b9e7_8719200053922.jpg', 'bild_web130': 'https://offer-images.api.edeka/1a5de44d-2a48-49e0-9bef-4dde828a2557_8719200053922.jpg', 'bild_app': 'https://offer-images.api.edeka/feaf1a7b-f984-43e6-ba8b-514012da6692_8719200053922.jpg', 'warengruppe': 'Sonstiges', 'warengruppeid': 11, 'kriterien': None, 'sonderkennzeichen': None, 'zutaten': None, 'nachlass': None, 'genussplus': None, 'basicPrice': '100g=0,44', 'national': False, 'gueltig_bis': 1618610400000}, {'angebotid': 3072378, 'externeid': None, 'titel': '9 Mile', 'preis': 9.99, 'beschreibung': 'Vodka, 37,5% Vol., 0,7l Flasche, (1l=14,27)', 'punkte_deutschlandcard': '0', 'zusatztext': '*Nicht in allen Filialen erhaeltlich. Alle weiteren Informationen der Firma und Anschrift Ihres teilnehmenden EDEKA-Marktes finden Sie unter www.edeka.de/marktsuche oder unter der Telefonnummer 0800 724 28 55 (kostenfrei aus dem dt. Fest- und Mobilfunknetz). Alle Angebote g\u00c3\u00bcltig bis Samstag, 17.04.2021, KW 15. Wir haben uns f\u00c3\u00bcr diesen Zeitraum ausreichend bevorratet. Bitte entschuldigen Sie, wenn die Artikel auf Grund der gro\u00c3\u0178en Nachfrage dennoch im Einzelfall ausverkauft sein sollten. Abgabe in haushalts\u00c3\u00bcblichen Mengen. F\u00c3\u00bcr Darstellungsfehler \u00c3\u00bcbernehmen wir keine Haftung. EDEKA-Markt Minden-Hannover GmbH, Wittelsbacherallee 61, 32427 Minden.', 'bild_web90': 'https://offer-images.api.edeka/3660f6ac-1621-4620-9d34-93cb371d5ced_4025127090976.jpg', 'bild_web130': 'https://offer-images.api.edeka/fad552ef-656a-4364-b237-c447b33855ed_4025127090976.jpg', 'bild_app': 'https://offer-images.api.edeka/bac10263-89c2-40cc-a199-92c44b9a3971_4025127090976.jpg', 'warengruppe': 'Getraenke', 'warengruppeid': 7, 'kriterien': None, 'sonderkennzeichen': None, 'zutaten': None, 'nachlass': None, 'genussplus': None, 'basicPrice': '1l=14,27', 'national': False, 'gueltig_bis': 1618610400000}, {'angebotid': 3072379, 'externeid': None, 'titel': 'Abraham Schinken', 'preis': 1.59, 'beschreibung': 'span. Serrano, franz. Savoyer, ital. Prosciutto, Crudo oder Leichter Genuss, versch. Sorten, 70/80g Packung, (100g=2,27/1,99)', 'punkte_deutschlandcard': '0', 'zusatztext': '*Nicht in allen Filialen erhaeltlich. Alle weiteren Informationen der Firma und Anschrift Ihres teilnehmenden EDEKA-Marktes finden Sie unter www.edeka.de/marktsuche oder unter der Telefonnummer 0800 724 28 55 (kostenfrei aus dem dt. Fest- und Mobilfunknetz). Alle Angebote g\u00c3\u00bcltig bis Samstag, 17.04.2021, KW 15. Wir haben uns f\u00c3\u00bcr diesen Zeitraum ausreichend bevorratet. Bitte entschuldigen Sie, wenn die Artikel auf Grund der gro\u00c3\u0178en Nachfrage dennoch im Einzelfall ausverkauft sein sollten. Abgabe in haushalts\u00c3\u00bcblichen Mengen. F\u00c3\u00bcr Darstellungsfehler \u00c3\u00bcbernehmen wir keine Haftung. EDEKA-Markt Minden-Hannover GmbH, Wittelsbacherallee 61, 32427 Minden.', 'bild_web90': 'https://offer-images.api.edeka/25e81337-a85c-4d2d-b278-12872bb737cf_4006431703844_VOR.jpg', 'bild_web130': 'https://offer-images.api.edeka/cae04045-9cc0-4fd0-b05d-7ce1ea35c5da_4006431703844_VOR.jpg', 'bild_app': 'https://offer-images.api.edeka/e90e0bf4-919f-4df1-845e-4c0522f730d2_4006431703844_VOR.jpg', 'warengruppe': 'Fleisch & Wurst', 'warengruppeid': 1, 'kriterien': None, 'sonderkennzeichen': None, 'zutaten': None, 'nachlass': None, 'genussplus': None, 'basicPrice': '100g=2,27/1,99', 'national': False, 'gueltig_bis': 1618610400000}, {'angebotid': 3072380, 'externeid': None, 'titel': 'All in Fruits Direktsaft', 'preis': 1.99, 'beschreibung': '100% Frucht, aus dem K\u00c3\u00bchlregal, versch. Sorten, 0,75l Flasche, (1l=2,65)', 'punkte_deutschlandcard': '0', 'zusatztext': '*Nicht in allen Filialen erhaeltlich. Alle weiteren Informationen der Firma und Anschrift Ihres teilnehmenden EDEKA-Marktes finden Sie unter www.edeka.de/marktsuche oder unter der Telefonnummer 0800 724 28 55 (kostenfrei aus dem dt. Fest- und Mobilfunknetz). Alle Angebote g\u00c3\u00bcltig bis Samstag, 17.04.2021, KW 15. Wir haben uns f\u00c3\u00bcr diesen Zeitraum ausreichend bevorratet. Bitte entschuldigen Sie, wenn die Artikel auf Grund der gro\u00c3\u0178en Nachfrage dennoch im Einzelfall ausverkauft sein sollten. Abgabe in haushalts\u00c3\u00bcblichen Mengen. F\u00c3\u00bcr Darstellungsfehler \u00c3\u00bcbernehmen wir keine Haftung. EDEKA-Markt Minden-Hannover GmbH, Wittelsbacherallee 61, 32427 Minden.', 'bild_web90': 'https://offer-images.api.edeka/0d2b1844-664b-49dd-b351-5e111c1c7e2e_4311596631308.jpg', 'bild_web130': 'https://offer-images.api.edeka/5905ee01-7732-41d6-83ed-a46f82f10f46_4311596631308.jpg', 'bild_app': 'https://offer-images.api.edeka/9c614b5f-0932-485f-8591-8baf905f43cf_4311596631308.jpg', 'warengruppe': 'Molkerei & Kaese', 'warengruppeid': 3, 'kriterien': None, 'sonderkennzeichen': None, 'zutaten': None, 'nachlass': None, 'genussplus': None, 'basicPrice': '1l=2,65', 'national': False, 'gueltig_bis': 1618610400000}, {'angebotid': 3072585, 'externeid': None, 'titel': 'Alnatura Gem\u00c3\u00bcseravioli, Linsen- oder Kichererbsen-Kokos-Eintopf', 'preis': 1.49, 'beschreibung': 'vegetarisch, f\u00c3\u00bcr die schnelle K\u00c3\u00bcche, 400g Dose, (1kg=3,73)', 'punkte_deutschlandcard': '0', 'zusatztext': '*Nicht in allen Filialen erhaeltlich. Alle weiteren Informationen der Firma und Anschrift Ihres teilnehmenden EDEKA-Marktes finden Sie unter www.edeka.de/marktsuche oder unter der Telefonnummer 0800 724 28 55 (kostenfrei aus dem dt. Fest- und Mobilfunknetz). Alle Angebote g\u00c3\u00bcltig bis Samstag, 17.04.2021, KW 15. Wir haben uns f\u00c3\u00bcr diesen Zeitraum ausreichend bevorratet. Bitte entschuldigen Sie, wenn die Artikel auf Grund der gro\u00c3\u0178en Nachfrage dennoch im Einzelfall ausverkauft sein sollten. Abgabe in haushalts\u00c3\u00bcblichen Mengen. F\u00c3\u00bcr Darstellungsfehler \u00c3\u00bcbernehmen wir keine Haftung. EDEKA-Markt Minden-Hannover GmbH, Wittelsbacherallee 61, 32427 Minden.', 'bild_web90': 'https://offer-images.api.edeka/fca0ec89-95e8-44fe-8576-cfb9ac84dd7a_4104420020481_Gemueseravioli.jpg', 'bild_web130': 'https://offer-images.api.edeka/38c84170-7c6b-464a-9652-479218f64121_4104420020481_Gemueseravioli.jpg', 'bild_app': 'https://offer-images.api.edeka/32e85371-1589-4dcf-b152-26960f20bd38_4104420020481_Gemueseravioli.jpg', 'warengruppe': 'Sonstiges', 'warengruppeid': 11, 'kriterien': None, 'sonderkennzeichen': None, 'zutaten': None, 'nachlass': None, 'genussplus': None, 'basicPrice': '1kg=3,73', 'national': False, 'gueltig_bis': 1618610400000}, {'angebotid': 3072381, 'externeid': None, 'titel': 'Alnatura Orangensaft', 'preis': 2.29, 'beschreibung': 'Direktsaft, 1l Packung', 'punkte_deutschlandcard': '0', 'zusatztext': '*Nicht in allen Filialen erhaeltlich. Alle weiteren Informationen der Firma und Anschrift Ihres teilnehmenden EDEKA-Marktes finden Sie unter www.edeka.de/marktsuche oder unter der Telefonnummer 0800 724 28 55 (kostenfrei aus dem dt. Fest- und Mobilfunknetz). Alle Angebote g\u00c3\u00bcltig bis Samstag, 17.04.2021, KW 15. Wir haben uns f\u00c3\u00bcr diesen Zeitraum ausreichend bevorratet. Bitte entschuldigen Sie, wenn die Artikel auf Grund der gro\u00c3\u0178en Nachfrage dennoch im Einzelfall ausverkauft sein sollten. Abgabe in haushalts\u00c3\u00bcblichen Mengen. F\u00c3\u00bcr Darstellungsfehler \u00c3\u00bcbernehmen wir keine Haftung. EDEKA-Markt Minden-Hannover GmbH, Wittelsbacherallee 61, 32427 Minden.', 'bild_web90': 'https://offer-images.api.edeka/caa077b7-9743-4cf7-824f-f3b3e0d9cff1_4104420071742_VOR.jpg', 'bild_web130': 'https://offer-images.api.edeka/7ae4ccc5-b0d3-46af-954c-1b89e43b99c3_4104420071742_VOR.jpg', 'bild_app': 'https://offer-images.api.edeka/3a7d6f58-9035-4368-b671-4a4623ba8c91_4104420071742_VOR.jpg', 'warengruppe': 'Getraenke', 'warengruppeid': 7, 'kriterien': None, 'sonderkennzeichen': None, 'zutaten': None, 'nachlass': None, 'genussplus': None, 'basicPrice': None, 'national': False, 'gueltig_bis': 1618610400000}, {'angebotid': 3072382, 'externeid': None, 'titel': 'Alpro Mandel- oder Kokosnuss-Drink', 'preis': 1.99, 'beschreibung': '100% pflanzlich, versch. Sorten, 1l Packung', 'punkte_deutschlandcard': '0', 'zusatztext': '*Nicht in allen Filialen erhaeltlich. Alle weiteren Informationen der Firma und Anschrift Ihres teilnehmenden EDEKA-Marktes finden Sie unter www.edeka.de/marktsuche oder unter der Telefonnummer 0800 724 28 55 (kostenfrei aus dem dt. Fest- und Mobilfunknetz). Alle Angebote g\u00c3\u00bcltig bis Samstag, 17.04.2021, KW 15. Wir haben uns f\u00c3\u00bcr diesen Zeitraum ausreichend bevorratet. Bitte entschuldigen Sie, wenn die Artikel auf Grund der gro\u00c3\u0178en Nachfrage dennoch im Einzelfall ausverkauft sein sollten. Abgabe in haushalts\u00c3\u00bcblichen Mengen. F\u00c3\u00bcr Darstellungsfehler \u00c3\u00bcbernehmen wir keine Haftung. EDEKA-Markt Minden-Hannover GmbH, Wittelsbacherallee 61, 32427 Minden.', 'bild_web90': 'https://offer-images.api.edeka/32fb9262-a572-4777-b6d5-a55ad69fbae7_5411188112709_PER.jpg', 'bild_web130': 'https://offer-images.api.edeka/6dd16df1-1455-4a29-bf89-45b6e98715fb_5411188112709_PER.jpg', 'bild_app': 'https://offer-images.api.edeka/ff5ffa24-9b8e-49ec-98fa-4d527045e5e5_5411188112709_PER.jpg', 'warengruppe': 'Molkerei & Kaese', 'warengruppeid': 3, 'kriterien': None, 'sonderkennzeichen': None, 'zutaten': None, 'nachlass': None, 'genussplus': None, 'basicPrice': None, 'national': False, 'gueltig_bis': 1618610400000}, {'angebotid': 3072383, 'externeid': None, 'titel': 'Andechser Bio-Bergblumenkaese', 'preis': 1.59, 'beschreibung': 'dtsch. Schnittkaese mit Bergblumen-Gew\u00c3\u00bcrzmischung und Karamellsirup, 50% Fett i. Tr., 100g', 'punkte_deutschlandcard': '0', 'zusatztext': '*Nicht in allen Filialen erhaeltlich. Alle weiteren Informationen der Firma und Anschrift Ihres teilnehmenden EDEKA-Marktes finden Sie unter www.edeka.de/marktsuche oder unter der Telefonnummer 0800 724 28 55 (kostenfrei aus dem dt. Fest- und Mobilfunknetz). Alle Angebote g\u00c3\u00bcltig bis Samstag, 17.04.2021, KW 15. Wir haben uns f\u00c3\u00bcr diesen Zeitraum ausreichend bevorratet. Bitte entschuldigen Sie, wenn die Artikel auf Grund der gro\u00c3\u0178en Nachfrage dennoch im Einzelfall ausverkauft sein sollten. Abgabe in haushalts\u00c3\u00bcblichen Mengen. F\u00c3\u00bcr Darstellungsfehler \u00c3\u00bcbernehmen wir keine Haftung. EDEKA-Markt Minden-Hannover GmbH, Wittelsbacherallee 61, 32427 Minden.', 'bild_web90': 'https://offer-images.api.edeka/e6d4cb22-9afd-49ac-aa70-91b05debfb47_60095.jpg', 'bild_web130': 'https://offer-images.api.edeka/7e2a2c89-55d6-405b-8e7b-bfd914ce7fa9_60095.jpg', 'bild_app': 'https://offer-images.api.edeka/b6d18e78-7a34-4c67-9dd9-4962512dcc6f_60095.jpg', 'warengruppe': 'Molkerei & Kaese', 'warengruppeid': 3, 'kriterien': None, 'sonderkennzeichen': None, 'zutaten': None, 'nachlass': None, 'genussplus': None, 'basicPrice': None, 'national': False, 'gueltig_bis': 1618610400000}, {'angebotid': 3072384, 'externeid': None, 'titel': 'Arcobraeu Mooser Liesl Helles', 'preis': 13.99, 'beschreibung': '+ 3,10 Pfand, 20x0,5l Flasche, (1l=1,40)', 'punkte_deutschlandcard': '0', 'zusatztext': '*Nicht in allen Filialen erhaeltlich. Alle weiteren Informationen der Firma und Anschrift Ihres teilnehmenden EDEKA-Marktes finden Sie unter www.edeka.de/marktsuche oder unter der Telefonnummer 0800 724 28 55 (kostenfrei aus dem dt. Fest- und Mobilfunknetz). Alle Angebote g\u00c3\u00bcltig bis Samstag, 17.04.2021, KW 15. Wir haben uns f\u00c3\u00bcr diesen Zeitraum ausreichend bevorratet. Bitte entschuldigen Sie, wenn die Artikel auf Grund der gro\u00c3\u0178en Nachfrage dennoch im Einzelfall ausverkauft sein sollten. Abgabe in haushalts\u00c3\u00bcblichen Mengen. F\u00c3\u00bcr Darstellungsfehler \u00c3\u00bcbernehmen wir keine Haftung. EDEKA-Markt Minden-Hannover GmbH, Wittelsbacherallee 61, 32427 Minden.', 'bild_web90': 'https://offer-images.api.edeka/020e344e-54b9-48df-be61-e8f36c3589a2_4005154111240_PER.jpg', 'bild_web130': 'https://offer-images.api.edeka/5254af57-29f6-4ab5-9be4-2389b43cb33a_4005154111240_PER.jpg', 'bild_app': 'https://offer-images.api.edeka/ba348d29-ea27-46e2-9281-8d857d5c6847_4005154111240_PER.jpg', 'warengruppe': 'Getraenke', 'warengruppeid': 7, 'kriterien': None, 'sonderkennzeichen': None, 'zutaten': None, 'nachlass': None, 'genussplus': None, 'basicPrice': '1l=1,40', 'national': False, 'gueltig_bis': 1618610400000}, {'angebotid': 3072385, 'externeid': None, 'titel': 'Ariel Vollwaschmittel', 'preis': 3.89, 'beschreibung': 'versch. Varianten, 14/19 Waschanwendungen, (1WA=0,28/0,20)', 'punkte_deutschlandcard': '0', 'zusatztext': '*Nicht in allen Filialen erhaeltlich. Alle weiteren Informationen der Firma und Anschrift Ihres teilnehmenden EDEKA-Marktes finden Sie unter www.edeka.de/marktsuche oder unter der Telefonnummer 0800 724 28 55 (kostenfrei aus dem dt. Fest- und Mobilfunknetz). Alle Angebote g\u00c3\u00bcltig bis Samstag, 17.04.2021, KW 15. Wir haben uns f\u00c3\u00bcr diesen Zeitraum ausreichend bevorratet. Bitte entschuldigen Sie, wenn die Artikel auf Grund der gro\u00c3\u0178en Nachfrage dennoch im Einzelfall ausverkauft sein sollten. Abgabe in haushalts\u00c3\u00bcblichen Mengen. F\u00c3\u00bcr Darstellungsfehler \u00c3\u00bcbernehmen wir keine Haftung. EDEKA-Markt Minden-Hannover GmbH, Wittelsbacherallee 61, 32427 Minden.', 'bild_web90': 'https://offer-images.api.edeka/b6002dd3-df92-4a07-acfb-c010fa2d3f84_8001090346315_VOR.jpg', 'bild_web130': 'https://offer-images.api.edeka/9ca40c01-46a8-4f3e-9ee0-d536422a61b4_8001090346315_VOR.jpg', 'bild_app': 'https://offer-images.api.edeka/f04ed9ad-b633-4e67-a22d-c0907ba5bc52_8001090346315_VOR.jpg', 'warengruppe': 'Drogerie', 'warengruppeid': 9, 'kriterien': None, 'sonderkennzeichen': None, 'zutaten': None, 'nachlass': None, 'genussplus': None, 'basicPrice': '1WA=0,28/0,20', 'national': False, 'gueltig_bis': 1618610400000}, {'angebotid': 3072386, 'externeid': None, 'titel': 'Bauerngut Mini-Gefl\u00c3\u00bcgelbratwurst', 'preis': 2.29, 'beschreibung': '300g Packung, (1kg=7,63)', 'punkte_deutschlandcard': '0', 'zusatztext': '*Nicht in allen Filialen erhaeltlich. Alle weiteren Informationen der Firma und Anschrift Ihres teilnehmenden EDEKA-Marktes finden Sie unter www.edeka.de/marktsuche oder unter der Telefonnummer 0800 724 28 55 (kostenfrei aus dem dt. Fest- und Mobilfunknetz). Alle Angebote g\u00c3\u00bcltig bis Samstag, 17.04.2021, KW 15. Wir haben uns f\u00c3\u00bcr diesen Zeitraum ausreichend bevorratet. Bitte entschuldigen Sie, wenn die Artikel auf Grund der gro\u00c3\u0178en Nachfrage dennoch im Einzelfall ausverkauft sein sollten. Abgabe in haushalts\u00c3\u00bcblichen Mengen. F\u00c3\u00bcr Darstellungsfehler \u00c3\u00bcbernehmen wir keine Haftung. EDEKA-Markt Minden-Hannover GmbH, Wittelsbacherallee 61, 32427 Minden.', 'bild_web90': 'https://offer-images.api.edeka/1729c72b-d78c-4797-acea-ebba1f4753f0_20686_bg_mini_gefluegelbratwurst.jpg', 'bild_web130': 'https://offer-images.api.edeka/118e2f6a-543c-4b13-b8c2-e0d20d5026e3_20686_bg_mini_gefluegelbratwurst.jpg', 'bild_app': 'https://offer-images.api.edeka/5249f785-9a76-4688-9962-11f4f0addd81_20686_bg_mini_gefluegelbratwurst.jpg', 'warengruppe': 'Fleisch & Wurst', 'warengruppeid': 1, 'kriterien': None, 'sonderkennzeichen': None, 'zutaten': None, 'nachlass': None, 'genussplus': None, 'basicPrice': '1kg=7,63', 'national': False, 'gueltig_bis': 1618610400000}, {'angebotid': 3072388, 'externeid': None, 'titel': 'Bayreuther Aktien-Bier', 'preis': 12.99, 'beschreibung': 'versch. Sorten, + 4,50 Pfand, 20x0,5l B\u00c3\u00bcgelflasche, (1l=1,30)', 'punkte_deutschlandcard': '0', 'zusatztext': '*Nicht in allen Filialen erhaeltlich. Alle weiteren Informationen der Firma und Anschrift Ihres teilnehmenden EDEKA-Marktes finden Sie unter www.edeka.de/marktsuche oder unter der Telefonnummer 0800 724 28 55 (kostenfrei aus dem dt. Fest- und Mobilfunknetz). Alle Angebote g\u00c3\u00bcltig bis Samstag, 17.04.2021, KW 15. Wir haben uns f\u00c3\u00bcr diesen Zeitraum ausreichend bevorratet. Bitte entschuldigen Sie, wenn die Artikel auf Grund der gro\u00c3\u0178en Nachfrage dennoch im Einzelfall ausverkauft sein sollten. Abgabe in haushalts\u00c3\u00bcblichen Mengen. F\u00c3\u00bcr Darstellungsfehler \u00c3\u00bcbernehmen wir keine Haftung. EDEKA-Markt Minden-Hannover GmbH, Wittelsbacherallee 61, 32427 Minden.', 'bild_web90': 'https://offer-images.api.edeka/466cde30-e1aa-4511-a66b-bbd7ca74552e_4017300006881_PER.jpg', 'bild_web130': 'https://offer-images.api.edeka/e258a68d-70dc-4fa7-860b-52767425af82_4017300006881_PER.jpg', 'bild_app': 'https://offer-images.api.edeka/a9e9ad5d-2a59-4723-91be-bbe6b504039b_4017300006881_PER.jpg', 'warengruppe': 'Getraenke', 'warengruppeid': 7, 'kriterien': None, 'sonderkennzeichen': None, 'zutaten': None, 'nachlass': None, 'genussplus': None, 'basicPrice': '1l=1,30', 'national': False, 'gueltig_bis': 1618610400000}, {'angebotid': 3072389, 'externeid': None, 'titel': 'Bebivita Men\u00c3\u00bc', 'preis': 0.79, 'beschreibung': 'versch. Sorten, 220g Glas, (100g=0,36)', 'punkte_deutschlandcard': '0', 'zusatztext': '*Nicht in allen Filialen erhaeltlich. Alle weiteren Informationen der Firma und Anschrift Ihres teilnehmenden EDEKA-Marktes finden Sie unter www.edeka.de/marktsuche oder unter der Telefonnummer 0800 724 28 55 (kostenfrei aus dem dt. Fest- und Mobilfunknetz). Alle Angebote g\u00c3\u00bcltig bis Samstag, 17.04.2021, KW 15. Wir haben uns f\u00c3\u00bcr diesen Zeitraum ausreichend bevorratet. Bitte entschuldigen Sie, wenn die Artikel auf Grund der gro\u00c3\u0178en Nachfrage dennoch im Einzelfall ausverkauft sein sollten. Abgabe in haushalts\u00c3\u00bcblichen Mengen. F\u00c3\u00bcr Darstellungsfehler \u00c3\u00bcbernehmen wir keine Haftung. EDEKA-Markt Minden-Hannover GmbH, Wittelsbacherallee 61, 32427 Minden.', 'bild_web90': 'https://offer-images.api.edeka/2a8e61c7-635a-40f9-b080-00090b427851_4018852104315.jpg', 'bild_web130': 'https://offer-images.api.edeka/f751e440-c53c-4e7f-b5d9-288173f0d432_4018852104315.jpg', 'bild_app': 'https://offer-images.api.edeka/3f28d5e5-c437-4fbb-b501-b37ad8a51ca6_4018852104315.jpg', 'warengruppe': 'Sonstiges', 'warengruppeid': 11, 'kriterien': None, 'sonderkennzeichen': None, 'zutaten': None, 'nachlass': None, 'genussplus': None, 'basicPrice': '100g=0,36', 'national': False, 'gueltig_bis': 1618610400000}, {'angebotid': 3072390, 'externeid': None, 'titel': 'Beckers Bester', 'preis': 7.99, 'beschreibung': 'Fruchtsaefte oder Schorle, versch. Sorten, + 2,40 Pfand, 6x1l Flasche, (1l=1,33)', 'punkte_deutschlandcard': '0', 'zusatztext': '*Nicht in allen Filialen erhaeltlich. Alle weiteren Informationen der Firma und Anschrift Ihres teilnehmenden EDEKA-Marktes finden Sie unter www.edeka.de/marktsuche oder unter der Telefonnummer 0800 724 28 55 (kostenfrei aus dem dt. Fest- und Mobilfunknetz). Alle Angebote g\u00c3\u00bcltig bis Samstag, 17.04.2021, KW 15. Wir haben uns f\u00c3\u00bcr diesen Zeitraum ausreichend bevorratet. Bitte entschuldigen Sie, wenn die Artikel auf Grund der gro\u00c3\u0178en Nachfrage dennoch im Einzelfall ausverkauft sein sollten. Abgabe in haushalts\u00c3\u00bcblichen Mengen. F\u00c3\u00bcr Darstellungsfehler \u00c3\u00bcbernehmen wir keine Haftung. EDEKA-Markt Minden-Hannover GmbH, Wittelsbacherallee 61, 32427 Minden.', 'bild_web90': 'https://offer-images.api.edeka/e9381f8a-5013-4338-af3e-5d7dfb68666b_4001716113622_PER.jpg', 'bild_web130': 'https://offer-images.api.edeka/e80f75f2-1a9b-4b8f-bad1-8c0889cae8d8_4001716113622_PER.jpg', 'bild_app': 'https://offer-images.api.edeka/8fe9d477-8a21-4c9e-b766-168933f2ce86_4001716113622_PER.jpg', 'warengruppe': 'Getraenke', 'warengruppeid': 7, 'kriterien': None, 'sonderkennzeichen': None, 'zutaten': None, 'nachlass': None, 'genussplus': None, 'basicPrice': '1l=1,33', 'national': False, 'gueltig_bis': 1618610400000}, {'angebotid': 3072391, 'externeid': None, 'titel': 'Beemster Royaal', 'preis': 1.49, 'beschreibung': 'holl. Schnittkaese, aromatischer Geschmack, 48% Fett i. Tr., 100g', 'punkte_deutschlandcard': '0', 'zusatztext': '*Nicht in allen Filialen erhaeltlich. Alle weiteren Informationen der Firma und Anschrift Ihres teilnehmenden EDEKA-Marktes finden Sie unter www.edeka.de/marktsuche oder unter der Telefonnummer 0800 724 28 55 (kostenfrei aus dem dt. Fest- und Mobilfunknetz). Alle Angebote g\u00c3\u00bcltig bis Samstag, 17.04.2021, KW 15. Wir haben uns f\u00c3\u00bcr diesen Zeitraum ausreichend bevorratet. Bitte entschuldigen Sie, wenn die Artikel auf Grund der gro\u00c3\u0178en Nachfrage dennoch im Einzelfall ausverkauft sein sollten. Abgabe in haushalts\u00c3\u00bcblichen Mengen. F\u00c3\u00bcr Darstellungsfehler \u00c3\u00bcbernehmen wir keine Haftung. EDEKA-Markt Minden-Hannover GmbH, Wittelsbacherallee 61, 32427 Minden.', 'bild_web90': 'https://offer-images.api.edeka/ded28f62-c3d4-4992-b871-16396f98500d_4496N.jpg', 'bild_web130': 'https://offer-images.api.edeka/43abdf1b-1019-4d8a-98ad-3021925af5f8_4496N.jpg', 'bild_app': 'https://offer-images.api.edeka/3366c8db-7627-4ef7-8449-1d65001785d3_4496N.jpg', 'warengruppe': 'Molkerei & Kaese', 'warengruppeid': 3, 'kriterien': None, 'sonderkennzeichen': None, 'zutaten': None, 'nachlass': None, 'genussplus': None, 'basicPrice': None, 'national': False, 'gueltig_bis': 1618610400000}, {'angebotid': 3072392, 'externeid': None, 'titel': 'Bergamino di Bufala', 'preis': 1.99, 'beschreibung': 'ital. halbfester Schnittkaese aus 100% B\u00c3\u00bcffelmilch, mild-cremiger Geschmack, 60% Fett i. Tr., 100g', 'punkte_deutschlandcard': '0', 'zusatztext': '*Nicht in allen Filialen erhaeltlich. Alle weiteren Informationen der Firma und Anschrift Ihres teilnehmenden EDEKA-Marktes finden Sie unter www.edeka.de/marktsuche oder unter der Telefonnummer 0800 724 28 55 (kostenfrei aus dem dt. Fest- und Mobilfunknetz). Alle Angebote g\u00c3\u00bcltig bis Samstag, 17.04.2021, KW 15. Wir haben uns f\u00c3\u00bcr diesen Zeitraum ausreichend bevorratet. Bitte entschuldigen Sie, wenn die Artikel auf Grund der gro\u00c3\u0178en Nachfrage dennoch im Einzelfall ausverkauft sein sollten. Abgabe in haushalts\u00c3\u00bcblichen Mengen. F\u00c3\u00bcr Darstellungsfehler \u00c3\u00bcbernehmen wir keine Haftung. EDEKA-Markt Minden-Hannover GmbH, Wittelsbacherallee 61, 32427 Minden.', 'bild_web90': 'https://offer-images.api.edeka/f1dfa637-ba05-42ab-8685-579e30268d90_BergaminoB_nudo1.jpg', 'bild_web130': 'https://offer-images.api.edeka/683fa44e-0f41-4e9a-9acb-556a45a5043b_BergaminoB_nudo1.jpg', 'bild_app': 'https://offer-images.api.edeka/8450ed5d-3b4e-445a-b169-db288af3be77_BergaminoB_nudo1.jpg', 'warengruppe': 'Molkerei & Kaese', 'warengruppeid': 3, 'kriterien': None, 'sonderkennzeichen': None, 'zutaten': None, 'nachlass': None, 'genussplus': None, 'basicPrice': None, 'national': False, 'gueltig_bis': 1618610400000}, {'angebotid': 3072393, 'externeid': None, 'titel': 'Bio Dorfkaese Wiesenblume', 'preis': 2.39, 'beschreibung': 'dtsch. Weichkaese, mit Wiesenblumen ummantelt, mild-sahniger Geschmack, 60% Fett i. Tr., 100g', 'punkte_deutschlandcard': '0', 'zusatztext': '*Nicht in allen Filialen erhaeltlich. Alle weiteren Informationen der Firma und Anschrift Ihres teilnehmenden EDEKA-Marktes finden Sie unter www.edeka.de/marktsuche oder unter der Telefonnummer 0800 724 28 55 (kostenfrei aus dem dt. Fest- und Mobilfunknetz). Alle Angebote g\u00c3\u00bcltig bis Samstag, 17.04.2021, KW 15. Wir haben uns f\u00c3\u00bcr diesen Zeitraum ausreichend bevorratet. Bitte entschuldigen Sie, wenn die Artikel auf Grund der gro\u00c3\u0178en Nachfrage dennoch im Einzelfall ausverkauft sein sollten. Abgabe in haushalts\u00c3\u00bcblichen Mengen. F\u00c3\u00bcr Darstellungsfehler \u00c3\u00bcbernehmen wir keine Haftung. EDEKA-Markt Minden-Hannover GmbH, Wittelsbacherallee 61, 32427 Minden.', 'bild_web90': 'https://offer-images.api.edeka/d368bd61-d497-48ed-9217-a3bd885ecd88_bio_dorfkaese_wiesenblume.jpg', 'bild_web130': 'https://offer-images.api.edeka/61863421-14c8-42ea-bfa0-c1fe14099549_bio_dorfkaese_wiesenblume.jpg', 'bild_app': 'https://offer-images.api.edeka/c6fa7745-3ea2-4507-9e71-e53980ce9915_bio_dorfkaese_wiesenblume.jpg', 'warengruppe': 'Molkerei & Kaese', 'warengruppeid': 3, 'kriterien': None, 'sonderkennzeichen': None, 'zutaten': None, 'nachlass': None, 'genussplus': None, 'basicPrice': None, 'national': False, 'gueltig_bis': 1618610400000}, {'angebotid': 3072394, 'externeid': None, 'titel': 'Block House Brot', 'preis': 1.49, 'beschreibung': 'f\u00c3\u00bcr Backofen und Grill, versch. Sorten, 250/254g Packung, (100g=0,60)', 'punkte_deutschlandcard': '0', 'zusatztext': '*Nicht in allen Filialen erhaeltlich. Alle weiteren Informationen der Firma und Anschrift Ihres teilnehmenden EDEKA-Marktes finden Sie unter www.edeka.de/marktsuche oder unter der Telefonnummer 0800 724 28 55 (kostenfrei aus dem dt. Fest- und Mobilfunknetz). Alle Angebote g\u00c3\u00bcltig bis Samstag, 17.04.2021, KW 15. Wir haben uns f\u00c3\u00bcr diesen Zeitraum ausreichend bevorratet. Bitte entschuldigen Sie, wenn die Artikel auf Grund der gro\u00c3\u0178en Nachfrage dennoch im Einzelfall ausverkauft sein sollten. Abgabe in haushalts\u00c3\u00bcblichen Mengen. F\u00c3\u00bcr Darstellungsfehler \u00c3\u00bcbernehmen wir keine Haftung. EDEKA-Markt Minden-Hannover GmbH, Wittelsbacherallee 61, 32427 Minden.', 'bild_web90': 'https://offer-images.api.edeka/35263f86-1ea3-4a8e-ba9f-353da484ff13_22000_bh_knoblauchbrot.jpg', 'bild_web130': 'https://offer-images.api.edeka/3da9aacd-c3ea-4597-94fe-0f4ee547910d_22000_bh_knoblauchbrot.jpg', 'bild_app': 'https://offer-images.api.edeka/e40b522d-e92e-473b-bbf3-48f454593616_22000_bh_knoblauchbrot.jpg', 'warengruppe': 'Tiefk\u00c3\u00bchl', 'warengruppeid': 5, 'kriterien': None, 'sonderkennzeichen': None, 'zutaten': None, 'nachlass': None, 'genussplus': None, 'basicPrice': '100g=0,60', 'national': False, 'gueltig_bis': 1618610400000}, {'angebotid': 3072395, 'externeid': None, 'titel': 'G\u00c3\u00a9ramont', 'preis': 1.69, 'beschreibung': 'franz. Weichkaese, versch. Sorten und Fettstufen, 130/150/200g Packung, (100g=1,30/1,13/0,85)', 'punkte_deutschlandcard': '0', 'zusatztext': '*Nicht in allen Filialen erhaeltlich. Alle weiteren Informationen der Firma und Anschrift Ihres teilnehmenden EDEKA-Marktes finden Sie unter www.edeka.de/marktsuche oder unter der Telefonnummer 0800 724 28 55 (kostenfrei aus dem dt. Fest- und Mobilfunknetz). Alle Angebote g\u00c3\u00bcltig bis Samstag, 17.04.2021, KW 15. Wir haben uns f\u00c3\u00bcr diesen Zeitraum ausreichend bevorratet. Bitte entschuldigen Sie, wenn die Artikel auf Grund der gro\u00c3\u0178en Nachfrage dennoch im Einzelfall ausverkauft sein sollten. Abgabe in haushalts\u00c3\u00bcblichen Mengen. F\u00c3\u00bcr Darstellungsfehler \u00c3\u00bcbernehmen wir keine Haftung. EDEKA-Markt Minden-Hannover GmbH, Wittelsbacherallee 61, 32427 Minden.', 'bild_web90': 'https://offer-images.api.edeka/f655c39c-41b9-40e1-a485-e7ab6e68a47d_3161710000678_PER.jpg', 'bild_web130': 'https://offer-images.api.edeka/efe710e8-f2c1-475b-a00e-96346377f64a_3161710000678_PER.jpg', 'bild_app': 'https://offer-images.api.edeka/b07bf9ef-4066-4a3f-b6ef-0403481d3e7d_3161710000678_PER.jpg', 'warengruppe': 'Molkerei & Kaese', 'warengruppeid': 3, 'kriterien': None, 'sonderkennzeichen': None, 'zutaten': None, 'nachlass': None, 'genussplus': None, 'basicPrice': '100g=1,30/1,13/0,85', 'national': False, 'gueltig_bis': 1618610400000}, {'angebotid': 3072396, 'externeid': None, 'titel': 'Brunch', 'preis': 1.29, 'beschreibung': 'Brotaufstrich und mehr!, versch. Sorten, 200g Becher, (100g=0,65)', 'punkte_deutschlandcard': '0', 'zusatztext': '*Nicht in allen Filialen erhaeltlich. Alle weiteren Informationen der Firma und Anschrift Ihres teilnehmenden EDEKA-Marktes finden Sie unter www.edeka.de/marktsuche oder unter der Telefonnummer 0800 724 28 55 (kostenfrei aus dem dt. Fest- und Mobilfunknetz). Alle Angebote g\u00c3\u00bcltig bis Samstag, 17.04.2021, KW 15. Wir haben uns f\u00c3\u00bcr diesen Zeitraum ausreichend bevorratet. Bitte entschuldigen Sie, wenn die Artikel auf Grund der gro\u00c3\u0178en Nachfrage dennoch im Einzelfall ausverkauft sein sollten. Abgabe in haushalts\u00c3\u00bcblichen Mengen. F\u00c3\u00bcr Darstellungsfehler \u00c3\u00bcbernehmen wir keine Haftung. EDEKA-Markt Minden-Hannover GmbH, Wittelsbacherallee 61, 32427 Minden.', 'bild_web90': 'https://offer-images.api.edeka/aad57a9b-2a7d-409b-8dca-2c20cd8ab6d8_4000400002693.jpg', 'bild_web130': 'https://offer-images.api.edeka/64b007ed-7f66-41bd-ab28-8b5a28c82b67_4000400002693.jpg', 'bild_app': 'https://offer-images.api.edeka/6d7b4f09-ad00-4b01-a126-67b16b9f57f7_4000400002693.jpg', 'warengruppe': 'Molkerei & Kaese', 'warengruppeid': 3, 'kriterien': None, 'sonderkennzeichen': None, 'zutaten': None, 'nachlass': None, 'genussplus': None, 'basicPrice': '100g=0,65', 'national': False, 'gueltig_bis': 1618610400000}, {'angebotid': 3072397, 'externeid': None, 'titel': 'Budweiser Budvar', 'preis': 11.99, 'beschreibung': 'Bierspezialitaet aus Tschechien, versch. Sorten, + 3,10 Pfand, 20x0,5l Flasche, (1l=1,20)', 'punkte_deutschlandcard': '0', 'zusatztext': '*Nicht in allen Filialen erhaeltlich. Alle weiteren Informationen der Firma und Anschrift Ihres teilnehmenden EDEKA-Marktes finden Sie unter www.edeka.de/marktsuche oder unter der Telefonnummer 0800 724 28 55 (kostenfrei aus dem dt. Fest- und Mobilfunknetz). Alle Angebote g\u00c3\u00bcltig bis Samstag, 17.04.2021, KW 15. Wir haben uns f\u00c3\u00bcr diesen Zeitraum ausreichend bevorratet. Bitte entschuldigen Sie, wenn die Artikel auf Grund der gro\u00c3\u0178en Nachfrage dennoch im Einzelfall ausverkauft sein sollten. Abgabe in haushalts\u00c3\u00bcblichen Mengen. F\u00c3\u00bcr Darstellungsfehler \u00c3\u00bcbernehmen wir keine Haftung. EDEKA-Markt Minden-Hannover GmbH, Wittelsbacherallee 61, 32427 Minden.', 'bild_web90': 'https://offer-images.api.edeka/7624fb7c-536a-40dc-b86f-67981ffeebcc_8594403454123_PER.jpg', 'bild_web130': 'https://offer-images.api.edeka/1561d0d8-0177-45c0-a2a1-0c67a80e2593_8594403454123_PER.jpg', 'bild_app': 'https://offer-images.api.edeka/0d65dae9-9008-4aa3-b2e4-05a9b3ae5fd4_8594403454123_PER.jpg', 'warengruppe': 'Getraenke', 'warengruppeid': 7, 'kriterien': None, 'sonderkennzeichen': None, 'zutaten': None, 'nachlass': None, 'genussplus': None, 'basicPrice': '1l=1,20', 'national': False, 'gueltig_bis': 1618610400000}, {'angebotid': 3072398, 'externeid': None, 'titel': 'Clausthaler', 'preis': 3.49, 'beschreibung': 'alkoholfreies Bier, versch. Sorten, + 0,48 Pfand, 6x0,33l Flasche, (1l=1,76)', 'punkte_deutschlandcard': '0', 'zusatztext': '*Nicht in allen Filialen erhaeltlich. Alle weiteren Informationen der Firma und Anschrift Ihres teilnehmenden EDEKA-Marktes finden Sie unter www.edeka.de/marktsuche oder unter der Telefonnummer 0800 724 28 55 (kostenfrei aus dem dt. Fest- und Mobilfunknetz). Alle Angebote g\u00c3\u00bcltig bis Samstag, 17.04.2021, KW 15. Wir haben uns f\u00c3\u00bcr diesen Zeitraum ausreichend bevorratet. Bitte entschuldigen Sie, wenn die Artikel auf Grund der gro\u00c3\u0178en Nachfrage dennoch im Einzelfall ausverkauft sein sollten. Abgabe in haushalts\u00c3\u00bcblichen Mengen. F\u00c3\u00bcr Darstellungsfehler \u00c3\u00bcbernehmen wir keine Haftung. EDEKA-Markt Minden-Hannover GmbH, Wittelsbacherallee 61, 32427 Minden.', 'bild_web90': 'https://offer-images.api.edeka/1dd6c118-fce6-4603-8ef2-f0c5d97adcd9_4053400016832_PER.jpg', 'bild_web130': 'https://offer-images.api.edeka/1fadb08c-b53b-4786-8f91-d05bc8eed579_4053400016832_PER.jpg', 'bild_app': 'https://offer-images.api.edeka/96bde187-4147-4fe0-9d82-4562e700412b_4053400016832_PER.jpg', 'warengruppe': 'Getraenke', 'warengruppeid': 7, 'kriterien': None, 'sonderkennzeichen': None, 'zutaten': None, 'nachlass': None, 'genussplus': None, 'basicPrice': '1l=1,76', 'national': False, 'gueltig_bis': 1618610400000}, {'angebotid': 3072399, 'externeid': None, 'titel': 'Coca-Cola* oder Fanta', 'preis': 1.99, 'beschreibung': '*versch. Sorten, teilw. koffeinhaltig, + 1,00 Pfand, 4x0,33l DPG-Dose, (1l=1,51)', 'punkte_deutschlandcard': '0', 'zusatztext': '*Nicht in allen Filialen erhaeltlich. Alle weiteren Informationen der Firma und Anschrift Ihres teilnehmenden EDEKA-Marktes finden Sie unter www.edeka.de/marktsuche oder unter der Telefonnummer 0800 724 28 55 (kostenfrei aus dem dt. Fest- und Mobilfunknetz). Alle Angebote g\u00c3\u00bcltig bis Samstag, 17.04.2021, KW 15. Wir haben uns f\u00c3\u00bcr diesen Zeitraum ausreichend bevorratet. Bitte entschuldigen Sie, wenn die Artikel auf Grund der gro\u00c3\u0178en Nachfrage dennoch im Einzelfall ausverkauft sein sollten. Abgabe in haushalts\u00c3\u00bcblichen Mengen. F\u00c3\u00bcr Darstellungsfehler \u00c3\u00bcbernehmen wir keine Haftung. EDEKA-Markt Minden-Hannover GmbH, Wittelsbacherallee 61, 32427 Minden.', 'bild_web90': 'https://offer-images.api.edeka/588f874b-40a8-45e2-8c5c-5ad52f39c64c_5449000051578_PER.jpg', 'bild_web130': 'https://offer-images.api.edeka/ca5919ca-8ffc-4db3-901b-1bdba1985e2f_5449000051578_PER.jpg', 'bild_app': 'https://offer-images.api.edeka/b5f9461c-6e65-4f15-9fa3-2f69386d8b2d_5449000051578_PER.jpg', 'warengruppe': 'Getraenke', 'warengruppeid': 7, 'kriterien': None, 'sonderkennzeichen': None, 'zutaten': None, 'nachlass': None, 'genussplus': None, 'basicPrice': '1l=1,51', 'national': False, 'gueltig_bis': 1618610400000}, {'angebotid': 3072400, 'externeid': None, 'titel': 'Coraya Fish & Dip Ready to Snack', 'preis': 1.99, 'beschreibung': 'Surimi-Sticks mit Sauce, versch. Sorten, 210/215g Packung, (100g=0,95/0,93)', 'punkte_deutschlandcard': '0', 'zusatztext': '*Nicht in allen Filialen erhaeltlich. Alle weiteren Informationen der Firma und Anschrift Ihres teilnehmenden EDEKA-Marktes finden Sie unter www.edeka.de/marktsuche oder unter der Telefonnummer 0800 724 28 55 (kostenfrei aus dem dt. Fest- und Mobilfunknetz). Alle Angebote g\u00c3\u00bcltig bis Samstag, 17.04.2021, KW 15. Wir haben uns f\u00c3\u00bcr diesen Zeitraum ausreichend bevorratet. Bitte entschuldigen Sie, wenn die Artikel auf Grund der gro\u00c3\u0178en Nachfrage dennoch im Einzelfall ausverkauft sein sollten. Abgabe in haushalts\u00c3\u00bcblichen Mengen. F\u00c3\u00bcr Darstellungsfehler \u00c3\u00bcbernehmen wir keine Haftung. EDEKA-Markt Minden-Hannover GmbH, Wittelsbacherallee 61, 32427 Minden.', 'bild_web90': 'https://offer-images.api.edeka/b8444175-04e8-4ea3-811b-106a4239be48_3276170016463.jpg', 'bild_web130': 'https://offer-images.api.edeka/fecae187-3ae5-4691-83db-3ef71959e52a_3276170016463.jpg', 'bild_app': 'https://offer-images.api.edeka/1674e9df-679d-4157-8b18-08c402e6f3bc_3276170016463.jpg', 'warengruppe': 'Fisch & Meeresfr\u00c3\u00bcchte', 'warengruppeid': 2, 'kriterien': None, 'sonderkennzeichen': None, 'zutaten': None, 'nachlass': None, 'genussplus': None, 'basicPrice': '100g=0,95/0,93', 'national': False, 'gueltig_bis': 1618610400000}, {'angebotid': 3072401, 'externeid': None, 'titel': 'Costa Prawns', 'preis': 5.99, 'beschreibung': 'Garnelenschwaenze, ideal f\u00c3\u00bcr Grill und Pfanne, versch. Sorten, 250/300g Beutel, (1kg = 23,96/19,97)', 'punkte_deutschlandcard': '0', 'zusatztext': '*Nicht in allen Filialen erhaeltlich. Alle weiteren Informationen der Firma und Anschrift Ihres teilnehmenden EDEKA-Marktes finden Sie unter www.edeka.de/marktsuche oder unter der Telefonnummer 0800 724 28 55 (kostenfrei aus dem dt. Fest- und Mobilfunknetz). Alle Angebote g\u00c3\u00bcltig bis Samstag, 17.04.2021, KW 15. Wir haben uns f\u00c3\u00bcr diesen Zeitraum ausreichend bevorratet. Bitte entschuldigen Sie, wenn die Artikel auf Grund der gro\u00c3\u0178en Nachfrage dennoch im Einzelfall ausverkauft sein sollten. Abgabe in haushalts\u00c3\u00bcblichen Mengen. F\u00c3\u00bcr Darstellungsfehler \u00c3\u00bcbernehmen wir keine Haftung. EDEKA-Markt Minden-Hannover GmbH, Wittelsbacherallee 61, 32427 Minden.', 'bild_web90': 'https://offer-images.api.edeka/28dd0f11-9487-4062-9bc7-c3a960c0b90d_4008467002120_VOR.jpg', 'bild_web130': 'https://offer-images.api.edeka/02525d77-655b-4b13-a894-33254ca08f04_4008467002120_VOR.jpg', 'bild_app': 'https://offer-images.api.edeka/1900af9c-c407-4901-a6e0-514f349ddb49_4008467002120_VOR.jpg', 'warengruppe': 'Tiefk\u00c3\u00bchl', 'warengruppeid': 5, 'kriterien': None, 'sonderkennzeichen': None, 'zutaten': None, 'nachlass': None, 'genussplus': None, 'basicPrice': '1kg = 23,96/19,97', 'national': False, 'gueltig_bis': 1618610400000}, {'angebotid': 3072402, 'externeid': None, 'titel': 'Darbo Naturrein Konfit\u00c3\u00bcre', 'preis': 1.99, 'beschreibung': 'versch. Sorten, 450g Glas, (1kg=4,42)', 'punkte_deutschlandcard': '0', 'zusatztext': '*Nicht in allen Filialen erhaeltlich. Alle weiteren Informationen der Firma und Anschrift Ihres teilnehmenden EDEKA-Marktes finden Sie unter www.edeka.de/marktsuche oder unter der Telefonnummer 0800 724 28 55 (kostenfrei aus dem dt. Fest- und Mobilfunknetz). Alle Angebote g\u00c3\u00bcltig bis Samstag, 17.04.2021, KW 15. Wir haben uns f\u00c3\u00bcr diesen Zeitraum ausreichend bevorratet. Bitte entschuldigen Sie, wenn die Artikel auf Grund der gro\u00c3\u0178en Nachfrage dennoch im Einzelfall ausverkauft sein sollten. Abgabe in haushalts\u00c3\u00bcblichen Mengen. F\u00c3\u00bcr Darstellungsfehler \u00c3\u00bcbernehmen wir keine Haftung. EDEKA-Markt Minden-Hannover GmbH, Wittelsbacherallee 61, 32427 Minden.', 'bild_web90': 'https://offer-images.api.edeka/4a2a302f-0794-47f0-ae86-d27e7541cdde_9001432038297_VOR.jpg', 'bild_web130': 'https://offer-images.api.edeka/025f2221-14a7-4b65-95b3-857152a1883d_9001432038297_VOR.jpg', 'bild_app': 'https://offer-images.api.edeka/feaba7e9-54a6-4b43-97c9-1f1b656153c2_9001432038297_VOR.jpg', 'warengruppe': 'Sonstiges', 'warengruppeid': 11, 'kriterien': None, 'sonderkennzeichen': None, 'zutaten': None, 'nachlass': None, 'genussplus': None, 'basicPrice': '1kg=4,42', 'national': False, 'gueltig_bis': 1618610400000}, {'angebotid': 3072403, 'externeid': None, 'titel': 'Dr. Oetker Original Pudding', 'preis': 0.59, 'beschreibung': 'versch. Sorten, 4er Packung', 'punkte_deutschlandcard': '0', 'zusatztext': '*Nicht in allen Filialen erhaeltlich. Alle weiteren Informationen der Firma und Anschrift Ihres teilnehmenden EDEKA-Marktes finden Sie unter www.edeka.de/marktsuche oder unter der Telefonnummer 0800 724 28 55 (kostenfrei aus dem dt. Fest- und Mobilfunknetz). Alle Angebote g\u00c3\u00bcltig bis Samstag, 17.04.2021, KW 15. Wir haben uns f\u00c3\u00bcr diesen Zeitraum ausreichend bevorratet. Bitte entschuldigen Sie, wenn die Artikel auf Grund der gro\u00c3\u0178en Nachfrage dennoch im Einzelfall ausverkauft sein sollten. Abgabe in haushalts\u00c3\u00bcblichen Mengen. F\u00c3\u00bcr Darstellungsfehler \u00c3\u00bcbernehmen wir keine Haftung. EDEKA-Markt Minden-Hannover GmbH, Wittelsbacherallee 61, 32427 Minden.', 'bild_web90': 'https://offer-images.api.edeka/c9a8408c-ec48-4f29-ad38-083b1d98fca5_4000521211011_VOR.jpg', 'bild_web130': 'https://offer-images.api.edeka/5bda846e-4466-401a-b606-f7ed10827701_4000521211011_VOR.jpg', 'bild_app': 'https://offer-images.api.edeka/e000eba9-421a-4ef5-94af-3d69934136bf_4000521211011_VOR.jpg', 'warengruppe': 'Sonstiges', 'warengruppeid': 11, 'kriterien': None, 'sonderkennzeichen': None, 'zutaten': None, 'nachlass': None, 'genussplus': None, 'basicPrice': None, 'national': False, 'gueltig_bis': 1618610400000}, {'angebotid': 3072404, 'externeid': None, 'titel': 'Dr. Oetker Paradiescreme', 'preis': 0.59, 'beschreibung': 'versch. Sorten, Beutel', 'punkte_deutschlandcard': '0', 'zusatztext': '*Nicht in allen Filialen erhaeltlich. Alle weiteren Informationen der Firma und Anschrift Ihres teilnehmenden EDEKA-Marktes finden Sie unter www.edeka.de/marktsuche oder unter der Telefonnummer 0800 724 28 55 (kostenfrei aus dem dt. Fest- und Mobilfunknetz). Alle Angebote g\u00c3\u00bcltig bis Samstag, 17.04.2021, KW 15. Wir haben uns f\u00c3\u00bcr diesen Zeitraum ausreichend bevorratet. Bitte entschuldigen Sie, wenn die Artikel auf Grund der gro\u00c3\u0178en Nachfrage dennoch im Einzelfall ausverkauft sein sollten. Abgabe in haushalts\u00c3\u00bcblichen Mengen. F\u00c3\u00bcr Darstellungsfehler \u00c3\u00bcbernehmen wir keine Haftung. EDEKA-Markt Minden-Hannover GmbH, Wittelsbacherallee 61, 32427 Minden.', 'bild_web90': 'https://offer-images.api.edeka/b7e489ec-2d64-4ec5-80e3-9dd91dd6fae3_4640_001.jpg', 'bild_web130': 'https://offer-images.api.edeka/b21612a7-51c7-4847-b0a8-36ec9437ee61_4640_001.jpg', 'bild_app': 'https://offer-images.api.edeka/8b498c25-aeb6-4986-91c0-99653f5b0f28_4640_001.jpg', 'warengruppe': 'Sonstiges', 'warengruppeid': 11, 'kriterien': None, 'sonderkennzeichen': None, 'zutaten': None, 'nachlass': None, 'genussplus': None, 'basicPrice': None, 'national': False, 'gueltig_bis': 1618610400000}, {'angebotid': 3072406, 'externeid': None, 'titel': 'EDEKA Bio Camembert', 'preis': 1.49, 'beschreibung': 'cremiger Weichkaese, 60% Fett i. Tr., 150g St\u00c3\u00bcck, (100g=0,99)', 'punkte_deutschlandcard': '0', 'zusatztext': '*Nicht in allen Filialen erhaeltlich. Alle weiteren Informationen der Firma und Anschrift Ihres teilnehmenden EDEKA-Marktes finden Sie unter www.edeka.de/marktsuche oder unter der Telefonnummer 0800 724 28 55 (kostenfrei aus dem dt. Fest- und Mobilfunknetz). Alle Angebote g\u00c3\u00bcltig bis Samstag, 17.04.2021, KW 15. Wir haben uns f\u00c3\u00bcr diesen Zeitraum ausreichend bevorratet. Bitte entschuldigen Sie, wenn die Artikel auf Grund der gro\u00c3\u0178en Nachfrage dennoch im Einzelfall ausverkauft sein sollten. Abgabe in haushalts\u00c3\u00bcblichen Mengen. F\u00c3\u00bcr Darstellungsfehler \u00c3\u00bcbernehmen wir keine Haftung. EDEKA-Markt Minden-Hannover GmbH, Wittelsbacherallee 61, 32427 Minden.', 'bild_web90': 'https://offer-images.api.edeka/258e2df8-ad88-4797-b6b2-9c82356551f6_4311501616567_PER.jpg', 'bild_web130': 'https://offer-images.api.edeka/758d9571-ebe9-4b90-a38b-4dc68122eede_4311501616567_PER.jpg', 'bild_app': 'https://offer-images.api.edeka/efcbd355-75b1-436f-80d2-50a89784dc6d_4311501616567_PER.jpg', 'warengruppe': 'Molkerei & Kaese', 'warengruppeid': 3, 'kriterien': None, 'sonderkennzeichen': None, 'zutaten': None, 'nachlass': None, 'genussplus': None, 'basicPrice': '100g=0,99', 'national': False, 'gueltig_bis': 1618610400000}, {'angebotid': 3072407, 'externeid': None, 'titel': 'EDEKA Bio Wiener', 'preis': 2.29, 'beschreibung': 'Spitzenqualitaet, im zarten Saitling, knackig im Biss, 4x50g = 200g Packung, (100g=1,15)', 'punkte_deutschlandcard': '0', 'zusatztext': '*Nicht in allen Filialen erhaeltlich. Alle weiteren Informationen der Firma und Anschrift Ihres teilnehmenden EDEKA-Marktes finden Sie unter www.edeka.de/marktsuche oder unter der Telefonnummer 0800 724 28 55 (kostenfrei aus dem dt. Fest- und Mobilfunknetz). Alle Angebote g\u00c3\u00bcltig bis Samstag, 17.04.2021, KW 15. Wir haben uns f\u00c3\u00bcr diesen Zeitraum ausreichend bevorratet. Bitte entschuldigen Sie, wenn die Artikel auf Grund der gro\u00c3\u0178en Nachfrage dennoch im Einzelfall ausverkauft sein sollten. Abgabe in haushalts\u00c3\u00bcblichen Mengen. F\u00c3\u00bcr Darstellungsfehler \u00c3\u00bcbernehmen wir keine Haftung. EDEKA-Markt Minden-Hannover GmbH, Wittelsbacherallee 61, 32427 Minden.', 'bild_web90': 'https://offer-images.api.edeka/de527b1d-b4d8-4e87-adea-03832757e0cb_4311501670941_PER.jpg', 'bild_web130': 'https://offer-images.api.edeka/04c55e30-65ba-4358-b572-a52cc1513bad_4311501670941_PER.jpg', 'bild_app': 'https://offer-images.api.edeka/fe3b1b62-2b5a-4a3b-953c-ef17d54b894d_4311501670941_PER.jpg', 'warengruppe': 'Fleisch & Wurst', 'warengruppeid': 1, 'kriterien': None, 'sonderkennzeichen': None, 'zutaten': None, 'nachlass': None, 'genussplus': None, 'basicPrice': '100g=1,15', 'national': False, 'gueltig_bis': 1618610400000}, {'angebotid': 3072408, 'externeid': None, 'titel': 'EDEKA Bio Himbeeren', 'preis': 1.89, 'beschreibung': 'erntefrisch tiefgefroren, ohne Zuckerzusatz, 300g Packung, (1kg=6,30)', 'punkte_deutschlandcard': '0', 'zusatztext': '*Nicht in allen Filialen erhaeltlich. Alle weiteren Informationen der Firma und Anschrift Ihres teilnehmenden EDEKA-Marktes finden Sie unter www.edeka.de/marktsuche oder unter der Telefonnummer 0800 724 28 55 (kostenfrei aus dem dt. Fest- und Mobilfunknetz). Alle Angebote g\u00c3\u00bcltig bis Samstag, 17.04.2021, KW 15. Wir haben uns f\u00c3\u00bcr diesen Zeitraum ausreichend bevorratet. Bitte entschuldigen Sie, wenn die Artikel auf Grund der gro\u00c3\u0178en Nachfrage dennoch im Einzelfall ausverkauft sein sollten. Abgabe in haushalts\u00c3\u00bcblichen Mengen. F\u00c3\u00bcr Darstellungsfehler \u00c3\u00bcbernehmen wir keine Haftung. EDEKA-Markt Minden-Hannover GmbH, Wittelsbacherallee 61, 32427 Minden.', 'bild_web90': 'https://offer-images.api.edeka/2ef005b7-131c-40d6-8186-d460c6c0135a_4311501335888_PER.jpg', 'bild_web130': 'https://offer-images.api.edeka/3b118a6c-bf85-4980-a73b-1c24de30c816_4311501335888_PER.jpg', 'bild_app': 'https://offer-images.api.edeka/f33ceb90-da56-4b5e-83f2-a3bb3a604abc_4311501335888_PER.jpg', 'warengruppe': 'Tiefk\u00c3\u00bchl', 'warengruppeid': 5, 'kriterien': None, 'sonderkennzeichen': None, 'zutaten': None, 'nachlass': None, 'genussplus': None, 'basicPrice': '1kg=6,30', 'national': False, 'gueltig_bis': 1618610400000}, {'angebotid': 3072409, 'externeid': None, 'titel': 'EDEKA Bio Krustenbr\u00c3\u00b6tchen', 'preis': 1.29, 'beschreibung': 'auf Stein gebacken, zum Fertigbacken, 4x80g = 320g Beutel, (1kg=4,03)', 'punkte_deutschlandcard': '0', 'zusatztext': '*Nicht in allen Filialen erhaeltlich. Alle weiteren Informationen der Firma und Anschrift Ihres teilnehmenden EDEKA-Marktes finden Sie unter www.edeka.de/marktsuche oder unter der Telefonnummer 0800 724 28 55 (kostenfrei aus dem dt. Fest- und Mobilfunknetz). Alle Angebote g\u00c3\u00bcltig bis Samstag, 17.04.2021, KW 15. Wir haben uns f\u00c3\u00bcr diesen Zeitraum ausreichend bevorratet. Bitte entschuldigen Sie, wenn die Artikel auf Grund der gro\u00c3\u0178en Nachfrage dennoch im Einzelfall ausverkauft sein sollten. Abgabe in haushalts\u00c3\u00bcblichen Mengen. F\u00c3\u00bcr Darstellungsfehler \u00c3\u00bcbernehmen wir keine Haftung. EDEKA-Markt Minden-Hannover GmbH, Wittelsbacherallee 61, 32427 Minden.', 'bild_web90': 'https://offer-images.api.edeka/79b45200-8c83-43ff-a519-fd0247c64c78_4311501620939_PER.jpg', 'bild_web130': 'https://offer-images.api.edeka/f83f1dd6-bbdd-4d2e-bc3e-5d5347494b3d_4311501620939_PER.jpg', 'bild_app': 'https://offer-images.api.edeka/00485faa-d4e8-4725-8348-e687c13361b2_4311501620939_PER.jpg', 'warengruppe': 'Grundnahrung', 'warengruppeid': 6, 'kriterien': None, 'sonderkennzeichen': None, 'zutaten': None, 'nachlass': None, 'genussplus': None, 'basicPrice': '1kg=4,03', 'national': False, 'gueltig_bis': 1618610400000}, {'angebotid': 3072410, 'externeid': None, 'titel': 'EDEKA Bio Natives Oliven\u00c3\u00b6l extra', 'preis': 3.33, 'beschreibung': '750ml Flasche, (1l=4,44)', 'punkte_deutschlandcard': '0', 'zusatztext': '*Nicht in allen Filialen erhaeltlich. Alle weiteren Informationen der Firma und Anschrift Ihres teilnehmenden EDEKA-Marktes finden Sie unter www.edeka.de/marktsuche oder unter der Telefonnummer 0800 724 28 55 (kostenfrei aus dem dt. Fest- und Mobilfunknetz). Alle Angebote g\u00c3\u00bcltig bis Samstag, 17.04.2021, KW 15. Wir haben uns f\u00c3\u00bcr diesen Zeitraum ausreichend bevorratet. Bitte entschuldigen Sie, wenn die Artikel auf Grund der gro\u00c3\u0178en Nachfrage dennoch im Einzelfall ausverkauft sein sollten. Abgabe in haushalts\u00c3\u00bcblichen Mengen. F\u00c3\u00bcr Darstellungsfehler \u00c3\u00bcbernehmen wir keine Haftung. EDEKA-Markt Minden-Hannover GmbH, Wittelsbacherallee 61, 32427 Minden.', 'bild_web90': 'https://offer-images.api.edeka/188e2efe-9876-4ae9-8649-652ce942661d_4311501635773_PER.jpg', 'bild_web130': 'https://offer-images.api.edeka/67c88536-b1a9-49d9-a696-c4bd4beb9ebb_4311501635773_PER.jpg', 'bild_app': 'https://offer-images.api.edeka/99a91b10-fe0b-4c35-9ac4-86dca1b58e6e_4311501635773_PER.jpg', 'warengruppe': 'Sonstiges', 'warengruppeid': 11, 'kriterien': None, 'sonderkennzeichen': None, 'zutaten': None, 'nachlass': None, 'genussplus': None, 'basicPrice': '1l=4,44', 'national': False, 'gueltig_bis': 1618610400000}, {'angebotid': 3072411, 'externeid': None, 'titel': 'EDEKA Bio Sauerkonserven', 'preis': 0.69, 'beschreibung': 'Rote Bete, Sellerie- oder Karottensalat, 330g Glas, (100g=0,31)', 'punkte_deutschlandcard': '0', 'zusatztext': '*Nicht in allen Filialen erhaeltlich. Alle weiteren Informationen der Firma und Anschrift Ihres teilnehmenden EDEKA-Marktes finden Sie unter www.edeka.de/marktsuche oder unter der Telefonnummer 0800 724 28 55 (kostenfrei aus dem dt. Fest- und Mobilfunknetz). Alle Angebote g\u00c3\u00bcltig bis Samstag, 17.04.2021, KW 15. Wir haben uns f\u00c3\u00bcr diesen Zeitraum ausreichend bevorratet. Bitte entschuldigen Sie, wenn die Artikel auf Grund der gro\u00c3\u0178en Nachfrage dennoch im Einzelfall ausverkauft sein sollten. Abgabe in haushalts\u00c3\u00bcblichen Mengen. F\u00c3\u00bcr Darstellungsfehler \u00c3\u00bcbernehmen wir keine Haftung. EDEKA-Markt Minden-Hannover GmbH, Wittelsbacherallee 61, 32427 Minden.', 'bild_web90': 'https://offer-images.api.edeka/4c4e7f14-16d4-4ca3-95f2-cf7fb5594afc_4311501442272_PER.jpg', 'bild_web130': 'https://offer-images.api.edeka/8c08b78a-f16c-4ab3-b347-a4f33bbc7ecd_4311501442272_PER.jpg', 'bild_app': 'https://offer-images.api.edeka/607073e1-c126-4616-bc24-32ce444eba79_4311501442272_PER.jpg', 'warengruppe': 'Sonstiges', 'warengruppeid': 11, 'kriterien': None, 'sonderkennzeichen': None, 'zutaten': None, 'nachlass': None, 'genussplus': None, 'basicPrice': '100g=0,31', 'national': False, 'gueltig_bis': 1618610400000}, {'angebotid': 3072412, 'externeid': None, 'titel': 'EDEKA Bio Speisequark', 'preis': 0.77, 'beschreibung': '40% Fett i. Tr., 250g Becher, (100g=0,31)', 'punkte_deutschlandcard': '0', 'zusatztext': '*Nicht in allen Filialen erhaeltlich. Alle weiteren Informationen der Firma und Anschrift Ihres teilnehmenden EDEKA-Marktes finden Sie unter www.edeka.de/marktsuche oder unter der Telefonnummer 0800 724 28 55 (kostenfrei aus dem dt. Fest- und Mobilfunknetz). Alle Angebote g\u00c3\u00bcltig bis Samstag, 17.04.2021, KW 15. Wir haben uns f\u00c3\u00bcr diesen Zeitraum ausreichend bevorratet. Bitte entschuldigen Sie, wenn die Artikel auf Grund der gro\u00c3\u0178en Nachfrage dennoch im Einzelfall ausverkauft sein sollten. Abgabe in haushalts\u00c3\u00bcblichen Mengen. F\u00c3\u00bcr Darstellungsfehler \u00c3\u00bcbernehmen wir keine Haftung. EDEKA-Markt Minden-Hannover GmbH, Wittelsbacherallee 61, 32427 Minden.', 'bild_web90': 'https://offer-images.api.edeka/aa5d790e-5b12-4e05-84bb-c4bf70e7aef7_4311501317624_PER.jpg', 'bild_web130': 'https://offer-images.api.edeka/9ce69276-ae80-48ae-976f-c1757181c672_4311501317624_PER.jpg', 'bild_app': 'https://offer-images.api.edeka/97e1cc9d-a05a-427b-9468-29e12c56b5d7_4311501317624_PER.jpg', 'warengruppe': 'Molkerei & Kaese', 'warengruppeid': 3, 'kriterien': None, 'sonderkennzeichen': None, 'zutaten': None, 'nachlass': None, 'genussplus': None, 'basicPrice': '100g=0,31', 'national': False, 'gueltig_bis': 1618610400000}, {'angebotid': 3072413, 'externeid': None, 'titel': 'EDEKA Erlesene Happen in Gelee', 'preis': 1.99, 'beschreibung': 'Alleinfuttermittel f\u00c3\u00bcr ausgewachsene Katzen, 8x85g = 680g Packung, (1kg=2,93)', 'punkte_deutschlandcard': '0', 'zusatztext': '*Nicht in allen Filialen erhaeltlich. Alle weiteren Informationen der Firma und Anschrift Ihres teilnehmenden EDEKA-Marktes finden Sie unter www.edeka.de/marktsuche oder unter der Telefonnummer 0800 724 28 55 (kostenfrei aus dem dt. Fest- und Mobilfunknetz). Alle Angebote g\u00c3\u00bcltig bis Samstag, 17.04.2021, KW 15. Wir haben uns f\u00c3\u00bcr diesen Zeitraum ausreichend bevorratet. Bitte entschuldigen Sie, wenn die Artikel auf Grund der gro\u00c3\u0178en Nachfrage dennoch im Einzelfall ausverkauft sein sollten. Abgabe in haushalts\u00c3\u00bcblichen Mengen. F\u00c3\u00bcr Darstellungsfehler \u00c3\u00bcbernehmen wir keine Haftung. EDEKA-Markt Minden-Hannover GmbH, Wittelsbacherallee 61, 32427 Minden.', 'bild_web90': 'https://offer-images.api.edeka/06d6c760-12bd-4c77-b169-f30cf2b05dcc_4311501613412_PER.jpg', 'bild_web130': 'https://offer-images.api.edeka/1bedd6e4-efb1-402c-9d50-331564e4facd_4311501613412_PER.jpg', 'bild_app': 'https://offer-images.api.edeka/6f9d4ede-1b33-42e1-872c-ce5de8c999bd_4311501613412_PER.jpg', 'warengruppe': 'Tiernahrung', 'warengruppeid': 12, 'kriterien': None, 'sonderkennzeichen': None, 'zutaten': None, 'nachlass': None, 'genussplus': None, 'basicPrice': '1kg=2,93', 'national': False, 'gueltig_bis': 1618610400000}, {'angebotid': 3072414, 'externeid': None, 'titel': 'EDEKA Fladenbrot', 'preis': 0.88, 'beschreibung': 'bestreut mit Sesam und Schwarzk\u00c3\u00bcmmel, im Steinofen gebacken, 400g St\u00c3\u00bcck, (1kg=2,20)', 'punkte_deutschlandcard': '0', 'zusatztext': '*Nicht in allen Filialen erhaeltlich. Alle weiteren Informationen der Firma und Anschrift Ihres teilnehmenden EDEKA-Marktes finden Sie unter www.edeka.de/marktsuche oder unter der Telefonnummer 0800 724 28 55 (kostenfrei aus dem dt. Fest- und Mobilfunknetz). Alle Angebote g\u00c3\u00bcltig bis Samstag, 17.04.2021, KW 15. Wir haben uns f\u00c3\u00bcr diesen Zeitraum ausreichend bevorratet. Bitte entschuldigen Sie, wenn die Artikel auf Grund der gro\u00c3\u0178en Nachfrage dennoch im Einzelfall ausverkauft sein sollten. Abgabe in haushalts\u00c3\u00bcblichen Mengen. F\u00c3\u00bcr Darstellungsfehler \u00c3\u00bcbernehmen wir keine Haftung. EDEKA-Markt Minden-Hannover GmbH, Wittelsbacherallee 61, 32427 Minden.', 'bild_web90': 'https://offer-images.api.edeka/ba352557-406e-4e06-9043-d19f5fd5f976_4311501395493_PER.jpg', 'bild_web130': 'https://offer-images.api.edeka/fb7aadbe-ab08-4a6d-90ea-84379b75caa6_4311501395493_PER.jpg', 'bild_app': 'https://offer-images.api.edeka/541675ab-c92e-4adb-9f9c-02dfd095eac2_4311501395493_PER.jpg', 'warengruppe': 'Grundnahrung', 'warengruppeid': 6, 'kriterien': None, 'sonderkennzeichen': None, 'zutaten': None, 'nachlass': None, 'genussplus': None, 'basicPrice': '1kg=2,20', 'national': False, 'gueltig_bis': 1618610400000}, {'angebotid': 3072415, 'externeid': None, 'titel': 'EDEKA Italia Burrata', 'preis': 1.79, 'beschreibung': 'Pasta filata Kaese in Lake, mit Sahne gef\u00c3\u00bcllt, 50% Fett i. Tr., 290g Becher, (100g=1,25)', 'punkte_deutschlandcard': '0', 'zusatztext': '*Nicht in allen Filialen erhaeltlich. Alle weiteren Informationen der Firma und Anschrift Ihres teilnehmenden EDEKA-Marktes finden Sie unter www.edeka.de/marktsuche oder unter der Telefonnummer 0800 724 28 55 (kostenfrei aus dem dt. Fest- und Mobilfunknetz). Alle Angebote g\u00c3\u00bcltig bis Samstag, 17.04.2021, KW 15. Wir haben uns f\u00c3\u00bcr diesen Zeitraum ausreichend bevorratet. Bitte entschuldigen Sie, wenn die Artikel auf Grund der gro\u00c3\u0178en Nachfrage dennoch im Einzelfall ausverkauft sein sollten. Abgabe in haushalts\u00c3\u00bcblichen Mengen. F\u00c3\u00bcr Darstellungsfehler \u00c3\u00bcbernehmen wir keine Haftung. EDEKA-Markt Minden-Hannover GmbH, Wittelsbacherallee 61, 32427 Minden.', 'bild_web90': 'https://offer-images.api.edeka/79b308aa-e531-409f-92f1-8f5ccd540d27_4311501685877.jpg', 'bild_web130': 'https://offer-images.api.edeka/7df100c0-14cb-4c13-94bb-c6865dee713d_4311501685877.jpg', 'bild_app': 'https://offer-images.api.edeka/4d598f04-7373-4c58-820f-2b2fc9c685f3_4311501685877.jpg', 'warengruppe': 'Molkerei & Kaese', 'warengruppeid': 3, 'kriterien': None, 'sonderkennzeichen': None, 'zutaten': None, 'nachlass': None, 'genussplus': None, 'basicPrice': '100g=1,25', 'national': False, 'gueltig_bis': 1618610400000}, {'angebotid': 3072416, 'externeid': None, 'titel': 'EDEKA Pulled Turkey oder Chicken', 'preis': 0.79, 'beschreibung': 'Alleinfuttermittel f\u00c3\u00bcr ausgewachsene Katzen, versch. Sorten, 85g Schale, (100g=0,93)', 'punkte_deutschlandcard': '0', 'zusatztext': '*Nicht in allen Filialen erhaeltlich. Alle weiteren Informationen der Firma und Anschrift Ihres teilnehmenden EDEKA-Marktes finden Sie unter www.edeka.de/marktsuche oder unter der Telefonnummer 0800 724 28 55 (kostenfrei aus dem dt. Fest- und Mobilfunknetz). Alle Angebote g\u00c3\u00bcltig bis Samstag, 17.04.2021, KW 15. Wir haben uns f\u00c3\u00bcr diesen Zeitraum ausreichend bevorratet. Bitte entschuldigen Sie, wenn die Artikel auf Grund der gro\u00c3\u0178en Nachfrage dennoch im Einzelfall ausverkauft sein sollten. Abgabe in haushalts\u00c3\u00bcblichen Mengen. F\u00c3\u00bcr Darstellungsfehler \u00c3\u00bcbernehmen wir keine Haftung. EDEKA-Markt Minden-Hannover GmbH, Wittelsbacherallee 61, 32427 Minden.', 'bild_web90': 'https://offer-images.api.edeka/6f4a6027-7c31-45b2-8824-6cdc365fb6b4_4311501680179.jpg', 'bild_web130': 'https://offer-images.api.edeka/850755e9-c7a8-47d8-b545-533681af86f9_4311501680179.jpg', 'bild_app': 'https://offer-images.api.edeka/194f61f8-2421-4049-a12f-b42ca5e74c5d_4311501680179.jpg', 'warengruppe': 'Tiernahrung', 'warengruppeid': 12, 'kriterien': None, 'sonderkennzeichen': None, 'zutaten': None, 'nachlass': None, 'genussplus': None, 'basicPrice': '100g=0,93', 'national': False, 'gueltig_bis': 1618610400000}, {'angebotid': 3072417, 'externeid': None, 'titel': 'Edition Alnatura Italien Merlot', 'preis': 3.49, 'beschreibung': 'Bio-Rotwein, halbtrocken, 0,75l Flasche, (1l=4,65)', 'punkte_deutschlandcard': '0', 'zusatztext': '*Nicht in allen Filialen erhaeltlich. Alle weiteren Informationen der Firma und Anschrift Ihres teilnehmenden EDEKA-Marktes finden Sie unter www.edeka.de/marktsuche oder unter der Telefonnummer 0800 724 28 55 (kostenfrei aus dem dt. Fest- und Mobilfunknetz). Alle Angebote g\u00c3\u00bcltig bis Samstag, 17.04.2021, KW 15. Wir haben uns f\u00c3\u00bcr diesen Zeitraum ausreichend bevorratet. Bitte entschuldigen Sie, wenn die Artikel auf Grund der gro\u00c3\u0178en Nachfrage dennoch im Einzelfall ausverkauft sein sollten. Abgabe in haushalts\u00c3\u00bcblichen Mengen. F\u00c3\u00bcr Darstellungsfehler \u00c3\u00bcbernehmen wir keine Haftung. EDEKA-Markt Minden-Hannover GmbH, Wittelsbacherallee 61, 32427 Minden.', 'bild_web90': 'https://offer-images.api.edeka/da930525-2f71-4de7-8c79-6cb4cdcc647f_4104420184954_VOR.jpg', 'bild_web130': 'https://offer-images.api.edeka/3d8ede0a-8eee-429a-b555-fe9c4e222913_4104420184954_VOR.jpg', 'bild_app': 'https://offer-images.api.edeka/9858b4fb-3a70-4d34-9847-0f21cb8f1443_4104420184954_VOR.jpg', 'warengruppe': 'Getraenke', 'warengruppeid': 7, 'kriterien': None, 'sonderkennzeichen': None, 'zutaten': None, 'nachlass': None, 'genussplus': None, 'basicPrice': '1l=4,65', 'national': False, 'gueltig_bis': 1618610400000}, {'angebotid': 3072418, 'externeid': None, 'titel': 'Elinas Joghurt', 'preis': 1.49, 'beschreibung': 'nach griechischer Art, versch. Sorten, 4x150g = 600g Packung, (1kg=2,48)', 'punkte_deutschlandcard': '0', 'zusatztext': '*Nicht in allen Filialen erhaeltlich. Alle weiteren Informationen der Firma und Anschrift Ihres teilnehmenden EDEKA-Marktes finden Sie unter www.edeka.de/marktsuche oder unter der Telefonnummer 0800 724 28 55 (kostenfrei aus dem dt. Fest- und Mobilfunknetz). Alle Angebote g\u00c3\u00bcltig bis Samstag, 17.04.2021, KW 15. Wir haben uns f\u00c3\u00bcr diesen Zeitraum ausreichend bevorratet. Bitte entschuldigen Sie, wenn die Artikel auf Grund der gro\u00c3\u0178en Nachfrage dennoch im Einzelfall ausverkauft sein sollten. Abgabe in haushalts\u00c3\u00bcblichen Mengen. F\u00c3\u00bcr Darstellungsfehler \u00c3\u00bcbernehmen wir keine Haftung. EDEKA-Markt Minden-Hannover GmbH, Wittelsbacherallee 61, 32427 Minden.', 'bild_web90': 'https://offer-images.api.edeka/3a82d96c-3b29-406e-bdfb-efe7113983c2_4003490323709_PER.jpg', 'bild_web130': 'https://offer-images.api.edeka/eca1c0e5-4815-46aa-83ea-2ea0b60922c5_4003490323709_PER.jpg', 'bild_app': 'https://offer-images.api.edeka/50be90f6-7de5-45fa-9c00-dbc89f3108ec_4003490323709_PER.jpg', 'warengruppe': 'Molkerei & Kaese', 'warengruppeid': 3, 'kriterien': None, 'sonderkennzeichen': None, 'zutaten': None, 'nachlass': None, 'genussplus': None, 'basicPrice': '1kg=2,48', 'national': False, 'gueltig_bis': 1618610400000}, {'angebotid': 3072419, 'externeid': None, 'titel': 'Emmi Appenzeller Rahmkaese', 'preis': 1.99, 'beschreibung': 'cremig-w\u00c3\u00bcrziger Geschmack, mind. 56% Fett i. Tr., 100g', 'punkte_deutschlandcard': '0', 'zusatztext': '*Nicht in allen Filialen erhaeltlich. Alle weiteren Informationen der Firma und Anschrift Ihres teilnehmenden EDEKA-Marktes finden Sie unter www.edeka.de/marktsuche oder unter der Telefonnummer 0800 724 28 55 (kostenfrei aus dem dt. Fest- und Mobilfunknetz). Alle Angebote g\u00c3\u00bcltig bis Samstag, 17.04.2021, KW 15. Wir haben uns f\u00c3\u00bcr diesen Zeitraum ausreichend bevorratet. Bitte entschuldigen Sie, wenn die Artikel auf Grund der gro\u00c3\u0178en Nachfrage dennoch im Einzelfall ausverkauft sein sollten. Abgabe in haushalts\u00c3\u00bcblichen Mengen. F\u00c3\u00bcr Darstellungsfehler \u00c3\u00bcbernehmen wir keine Haftung. EDEKA-Markt Minden-Hannover GmbH, Wittelsbacherallee 61, 32427 Minden.', 'bild_web90': 'https://offer-images.api.edeka/5f490977-0f77-4cf1-98f7-92dac9e662d8_Appenzeller.jpg', 'bild_web130': 'https://offer-images.api.edeka/84350f3f-8dfd-44cd-90e1-b68b32dfabdc_Appenzeller.jpg', 'bild_app': 'https://offer-images.api.edeka/04d0483e-806c-4c5f-bc27-bfe274819d57_Appenzeller.jpg', 'warengruppe': 'Molkerei & Kaese', 'warengruppeid': 3, 'kriterien': None, 'sonderkennzeichen': None, 'zutaten': None, 'nachlass': None, 'genussplus': None, 'basicPrice': None, 'national': False, 'gueltig_bis': 1618610400000}, {'angebotid': 3072420, 'externeid': None, 'titel': 'Emmi Caff\u00c3\u00a8 Latte', 'preis': 0.99, 'beschreibung': 'aus dem K\u00c3\u00bchlregal, versch. Sorten, 230ml Becher, (100ml=0,43)', 'punkte_deutschlandcard': '0', 'zusatztext': '*Nicht in allen Filialen erhaeltlich. Alle weiteren Informationen der Firma und Anschrift Ihres teilnehmenden EDEKA-Marktes finden Sie unter www.edeka.de/marktsuche oder unter der Telefonnummer 0800 724 28 55 (kostenfrei aus dem dt. Fest- und Mobilfunknetz). Alle Angebote g\u00c3\u00bcltig bis Samstag, 17.04.2021, KW 15. Wir haben uns f\u00c3\u00bcr diesen Zeitraum ausreichend bevorratet. Bitte entschuldigen Sie, wenn die Artikel auf Grund der gro\u00c3\u0178en Nachfrage dennoch im Einzelfall ausverkauft sein sollten. Abgabe in haushalts\u00c3\u00bcblichen Mengen. F\u00c3\u00bcr Darstellungsfehler \u00c3\u00bcbernehmen wir keine Haftung. EDEKA-Markt Minden-Hannover GmbH, Wittelsbacherallee 61, 32427 Minden.', 'bild_web90': 'https://offer-images.api.edeka/6f485b50-cfb0-43e4-9bbb-da2c829140b7_7610900138906_VOR.jpg', 'bild_web130': 'https://offer-images.api.edeka/960400cf-1b15-494b-9ace-b22bb7b1b376_7610900138906_VOR.jpg', 'bild_app': 'https://offer-images.api.edeka/94975250-412c-4ef2-9c9f-8fb5951c9a5b_7610900138906_VOR.jpg', 'warengruppe': 'Molkerei & Kaese', 'warengruppeid': 3, 'kriterien': None, 'sonderkennzeichen': None, 'zutaten': None, 'nachlass': None, 'genussplus': None, 'basicPrice': '100ml=0,43', 'national': False, 'gueltig_bis': 1618610400000}, {'angebotid': 3072421, 'externeid': None, 'titel': 'Fa Deo', 'preis': 0.77, 'beschreibung': 'versch. Varianten, 50/150ml Dose, (100ml=1,54/0,51)', 'punkte_deutschlandcard': '0', 'zusatztext': '*Nicht in allen Filialen erhaeltlich. Alle weiteren Informationen der Firma und Anschrift Ihres teilnehmenden EDEKA-Marktes finden Sie unter www.edeka.de/marktsuche oder unter der Telefonnummer 0800 724 28 55 (kostenfrei aus dem dt. Fest- und Mobilfunknetz). Alle Angebote g\u00c3\u00bcltig bis Samstag, 17.04.2021, KW 15. Wir haben uns f\u00c3\u00bcr diesen Zeitraum ausreichend bevorratet. Bitte entschuldigen Sie, wenn die Artikel auf Grund der gro\u00c3\u0178en Nachfrage dennoch im Einzelfall ausverkauft sein sollten. Abgabe in haushalts\u00c3\u00bcblichen Mengen. F\u00c3\u00bcr Darstellungsfehler \u00c3\u00bcbernehmen wir keine Haftung. EDEKA-Markt Minden-Hannover GmbH, Wittelsbacherallee 61, 32427 Minden.', 'bild_web90': 'https://offer-images.api.edeka/17f23700-55b7-4ad1-a9c1-9fdf18d8ed15_4015100180732_VOR.jpg', 'bild_web130': 'https://offer-images.api.edeka/dd1df2b9-349f-4fe1-b0c3-e15db04bab4b_4015100180732_VOR.jpg', 'bild_app': 'https://offer-images.api.edeka/c7a81bce-d94b-4d96-997c-a9c23ba9ed74_4015100180732_VOR.jpg', 'warengruppe': 'Drogerie', 'warengruppeid': 9, 'kriterien': None, 'sonderkennzeichen': None, 'zutaten': None, 'nachlass': None, 'genussplus': None, 'basicPrice': '100ml=1,54/0,51', 'national': False, 'gueltig_bis': 1618610400000}, {'angebotid': 3072422, 'externeid': None, 'titel': 'Fa Duschgel', 'preis': 0.77, 'beschreibung': 'versch. Varianten, 250ml Flasche, (100ml=0,31)', 'punkte_deutschlandcard': '0', 'zusatztext': '*Nicht in allen Filialen erhaeltlich. Alle weiteren Informationen der Firma und Anschrift Ihres teilnehmenden EDEKA-Marktes finden Sie unter www.edeka.de/marktsuche oder unter der Telefonnummer 0800 724 28 55 (kostenfrei aus dem dt. Fest- und Mobilfunknetz). Alle Angebote g\u00c3\u00bcltig bis Samstag, 17.04.2021, KW 15. Wir haben uns f\u00c3\u00bcr diesen Zeitraum ausreichend bevorratet. Bitte entschuldigen Sie, wenn die Artikel auf Grund der gro\u00c3\u0178en Nachfrage dennoch im Einzelfall ausverkauft sein sollten. Abgabe in haushalts\u00c3\u00bcblichen Mengen. F\u00c3\u00bcr Darstellungsfehler \u00c3\u00bcbernehmen wir keine Haftung. EDEKA-Markt Minden-Hannover GmbH, Wittelsbacherallee 61, 32427 Minden.', 'bild_web90': 'https://offer-images.api.edeka/a8646bbe-e42d-4e16-97f8-08dcae79470e_4015100297379_VOR.jpg', 'bild_web130': 'https://offer-images.api.edeka/ad41566b-f4b0-402d-8137-6d3d2d6e3e16_4015100297379_VOR.jpg', 'bild_app': 'https://offer-images.api.edeka/f30a6551-2a0e-4ccd-af14-235d36a236fb_4015100297379_VOR.jpg', 'warengruppe': 'Drogerie', 'warengruppeid': 9, 'kriterien': None, 'sonderkennzeichen': None, 'zutaten': None, 'nachlass': None, 'genussplus': None, 'basicPrice': '100ml=0,31', 'national': False, 'gueltig_bis': 1618610400000}, {'angebotid': 3072423, 'externeid': None, 'titel': 'Ferrero Mon Ch\u00c3\u00a9ri', 'preis': 1.99, 'beschreibung': 'Zartbitter-Praline mit fruchtiger Kirsche und feinem Lik\u00c3\u00b6r, 157g Packung, (100g=1,27)', 'punkte_deutschlandcard': '0', 'zusatztext': '*Nicht in allen Filialen erhaeltlich. Alle weiteren Informationen der Firma und Anschrift Ihres teilnehmenden EDEKA-Marktes finden Sie unter www.edeka.de/marktsuche oder unter der Telefonnummer 0800 724 28 55 (kostenfrei aus dem dt. Fest- und Mobilfunknetz). Alle Angebote g\u00c3\u00bcltig bis Samstag, 17.04.2021, KW 15. Wir haben uns f\u00c3\u00bcr diesen Zeitraum ausreichend bevorratet. Bitte entschuldigen Sie, wenn die Artikel auf Grund der gro\u00c3\u0178en Nachfrage dennoch im Einzelfall ausverkauft sein sollten. Abgabe in haushalts\u00c3\u00bcblichen Mengen. F\u00c3\u00bcr Darstellungsfehler \u00c3\u00bcbernehmen wir keine Haftung. EDEKA-Markt Minden-Hannover GmbH, Wittelsbacherallee 61, 32427 Minden.', 'bild_web90': 'https://offer-images.api.edeka/b8d12713-9547-4fcc-a2d5-ccd0253f6c72_mc_157gr_vb_t15_06_std.jpg', 'bild_web130': 'https://offer-images.api.edeka/fa45c3d0-83a6-4a10-85ee-c23b8b2bcc31_mc_157gr_vb_t15_06_std.jpg', 'bild_app': 'https://offer-images.api.edeka/8647e55b-4725-4955-bd99-caa8aa634e51_mc_157gr_vb_t15_06_std.jpg', 'warengruppe': 'Knabbern & Naschen', 'warengruppeid': 10, 'kriterien': None, 'sonderkennzeichen': None, 'zutaten': None, 'nachlass': None, 'genussplus': None, 'basicPrice': '100g=1,27', 'national': False, 'gueltig_bis': 1618610400000}, {'angebotid': 3072424, 'externeid': None, 'titel': 'Franziskaner Weizen', 'preis': 3.99, 'beschreibung': 'versch. Sorten, teilw. alkoholfrei, + 0,48 Pfand, 6x0,33l Flasche, (1l=2,02)', 'punkte_deutschlandcard': '0', 'zusatztext': '*Nicht in allen Filialen erhaeltlich. Alle weiteren Informationen der Firma und Anschrift Ihres teilnehmenden EDEKA-Marktes finden Sie unter www.edeka.de/marktsuche oder unter der Telefonnummer 0800 724 28 55 (kostenfrei aus dem dt. Fest- und Mobilfunknetz). Alle Angebote g\u00c3\u00bcltig bis Samstag, 17.04.2021, KW 15. Wir haben uns f\u00c3\u00bcr diesen Zeitraum ausreichend bevorratet. Bitte entschuldigen Sie, wenn die Artikel auf Grund der gro\u00c3\u0178en Nachfrage dennoch im Einzelfall ausverkauft sein sollten. Abgabe in haushalts\u00c3\u00bcblichen Mengen. F\u00c3\u00bcr Darstellungsfehler \u00c3\u00bcbernehmen wir keine Haftung. EDEKA-Markt Minden-Hannover GmbH, Wittelsbacherallee 61, 32427 Minden.', 'bild_web90': 'https://offer-images.api.edeka/810340fa-9402-47f1-a725-46e601929750_4072700011637.jpg', 'bild_web130': 'https://offer-images.api.edeka/24564f45-dae2-4236-8c3c-4507c4b98a25_4072700011637.jpg', 'bild_app': 'https://offer-images.api.edeka/49a6f4c3-984a-4a1e-8dae-394f9ad157aa_4072700011637.jpg', 'warengruppe': 'Getraenke', 'warengruppeid': 7, 'kriterien': None, 'sonderkennzeichen': None, 'zutaten': None, 'nachlass': None, 'genussplus': None, 'basicPrice': '1l=2,02', 'national': False, 'gueltig_bis': 1618610400000}, {'angebotid': 3072425, 'externeid': None, 'titel': 'funny-frisch Chipsfrisch', 'preis': 0.95, 'beschreibung': 'versch. Sorten, 175g Beutel, (100g=0,54)', 'punkte_deutschlandcard': '0', 'zusatztext': '*Nicht in allen Filialen erhaeltlich. Alle weiteren Informationen der Firma und Anschrift Ihres teilnehmenden EDEKA-Marktes finden Sie unter www.edeka.de/marktsuche oder unter der Telefonnummer 0800 724 28 55 (kostenfrei aus dem dt. Fest- und Mobilfunknetz). Alle Angebote g\u00c3\u00bcltig bis Samstag, 17.04.2021, KW 15. Wir haben uns f\u00c3\u00bcr diesen Zeitraum ausreichend bevorratet. Bitte entschuldigen Sie, wenn die Artikel auf Grund der gro\u00c3\u0178en Nachfrage dennoch im Einzelfall ausverkauft sein sollten. Abgabe in haushalts\u00c3\u00bcblichen Mengen. F\u00c3\u00bcr Darstellungsfehler \u00c3\u00bcbernehmen wir keine Haftung. EDEKA-Markt Minden-Hannover GmbH, Wittelsbacherallee 61, 32427 Minden.', 'bild_web90': 'https://offer-images.api.edeka/576f10c5-c277-45b3-a5b5-4fe78d1dd438_108353_ff_ungarisch175g_PACKSHOT.jpg', 'bild_web130': 'https://offer-images.api.edeka/bb58f38b-4a02-4df9-99e1-6cc1c8ec7bcd_108353_ff_ungarisch175g_PACKSHOT.jpg', 'bild_app': 'https://offer-images.api.edeka/bc102321-9fe7-4cea-b7ad-d3b8c81380f4_108353_ff_ungarisch175g_PACKSHOT.jpg', 'warengruppe': 'Knabbern & Naschen', 'warengruppeid': 10, 'kriterien': None, 'sonderkennzeichen': None, 'zutaten': None, 'nachlass': None, 'genussplus': None, 'basicPrice': '100g=0,54', 'national': False, 'gueltig_bis': 1618610400000}, {'angebotid': 3072426, 'externeid': None, 'titel': 'fuze tea', 'preis': 0.99, 'beschreibung': 'Mix aus Tee-Extrakt und Fruchtsaftkonzentrat, versch. Sorten, + 0,25 Pfand, 1l PET-DPG-Flasche', 'punkte_deutschlandcard': '0', 'zusatztext': '*Nicht in allen Filialen erhaeltlich. Alle weiteren Informationen der Firma und Anschrift Ihres teilnehmenden EDEKA-Marktes finden Sie unter www.edeka.de/marktsuche oder unter der Telefonnummer 0800 724 28 55 (kostenfrei aus dem dt. Fest- und Mobilfunknetz). Alle Angebote g\u00c3\u00bcltig bis Samstag, 17.04.2021, KW 15. Wir haben uns f\u00c3\u00bcr diesen Zeitraum ausreichend bevorratet. Bitte entschuldigen Sie, wenn die Artikel auf Grund der gro\u00c3\u0178en Nachfrage dennoch im Einzelfall ausverkauft sein sollten. Abgabe in haushalts\u00c3\u00bcblichen Mengen. F\u00c3\u00bcr Darstellungsfehler \u00c3\u00bcbernehmen wir keine Haftung. EDEKA-Markt Minden-Hannover GmbH, Wittelsbacherallee 61, 32427 Minden.', 'bild_web90': 'https://offer-images.api.edeka/c2e93f29-148f-4bb1-bcce-e419484b7e01_5000112630329_VOR_001.jpg', 'bild_web130': 'https://offer-images.api.edeka/bca698af-cdc7-4589-9d4b-9728059633c5_5000112630329_VOR_001.jpg', 'bild_app': 'https://offer-images.api.edeka/1235d1b2-faf5-4da1-afb1-45842848b1b4_5000112630329_VOR_001.jpg', 'warengruppe': 'Getraenke', 'warengruppeid': 7, 'kriterien': None, 'sonderkennzeichen': None, 'zutaten': None, 'nachlass': None, 'genussplus': None, 'basicPrice': None, 'national': False, 'gueltig_bis': 1618610400000}, {'angebotid': 3072427, 'externeid': None, 'titel': 'Garnier Fructis Wahre Schaetze Festes Shampoo', 'preis': 3.99, 'beschreibung': 'versch. Varianten, 60g Packung, (100g=6,65)', 'punkte_deutschlandcard': '0', 'zusatztext': '*Nicht in allen Filialen erhaeltlich. Alle weiteren Informationen der Firma und Anschrift Ihres teilnehmenden EDEKA-Marktes finden Sie unter www.edeka.de/marktsuche oder unter der Telefonnummer 0800 724 28 55 (kostenfrei aus dem dt. Fest- und Mobilfunknetz). Alle Angebote g\u00c3\u00bcltig bis Samstag, 17.04.2021, KW 15. Wir haben uns f\u00c3\u00bcr diesen Zeitraum ausreichend bevorratet. Bitte entschuldigen Sie, wenn die Artikel auf Grund der gro\u00c3\u0178en Nachfrage dennoch im Einzelfall ausverkauft sein sollten. Abgabe in haushalts\u00c3\u00bcblichen Mengen. F\u00c3\u00bcr Darstellungsfehler \u00c3\u00bcbernehmen wir keine Haftung. EDEKA-Markt Minden-Hannover GmbH, Wittelsbacherallee 61, 32427 Minden.', 'bild_web90': 'https://offer-images.api.edeka/f360993c-7f00-4071-8e23-502722091dc9_3600542372350_PER.jpg', 'bild_web130': 'https://offer-images.api.edeka/291905e5-512e-436b-a695-e1a6fb2e17e6_3600542372350_PER.jpg', 'bild_app': 'https://offer-images.api.edeka/8b78fb7f-0353-4443-a691-2fe1d2e38ea9_3600542372350_PER.jpg', 'warengruppe': 'Drogerie', 'warengruppeid': 9, 'kriterien': None, 'sonderkennzeichen': None, 'zutaten': None, 'nachlass': None, 'genussplus': None, 'basicPrice': '100g=6,65', 'national': False, 'gueltig_bis': 1618610400000}, {'angebotid': 3072428, 'externeid': None, 'titel': 'Gepa Bio-Cookies', 'preis': 3.33, 'beschreibung': 'Feingebaeck, versch. Sorten, 150g Packung, (100g=2,22)', 'punkte_deutschlandcard': '0', 'zusatztext': '*Nicht in allen Filialen erhaeltlich. Alle weiteren Informationen der Firma und Anschrift Ihres teilnehmenden EDEKA-Marktes finden Sie unter www.edeka.de/marktsuche oder unter der Telefonnummer 0800 724 28 55 (kostenfrei aus dem dt. Fest- und Mobilfunknetz). Alle Angebote g\u00c3\u00bcltig bis Samstag, 17.04.2021, KW 15. Wir haben uns f\u00c3\u00bcr diesen Zeitraum ausreichend bevorratet. Bitte entschuldigen Sie, wenn die Artikel auf Grund der gro\u00c3\u0178en Nachfrage dennoch im Einzelfall ausverkauft sein sollten. Abgabe in haushalts\u00c3\u00bcblichen Mengen. F\u00c3\u00bcr Darstellungsfehler \u00c3\u00bcbernehmen wir keine Haftung. EDEKA-Markt Minden-Hannover GmbH, Wittelsbacherallee 61, 32427 Minden.', 'bild_web90': 'https://offer-images.api.edeka/b692802d-dc11-4bde-93d8-0c3d32fbd724_4013320247778_VOR.jpg', 'bild_web130': 'https://offer-images.api.edeka/35b649a4-6370-4de2-addb-ba2d6764be5c_4013320247778_VOR.jpg', 'bild_app': 'https://offer-images.api.edeka/21f30d76-5b3a-4119-a447-8921227cb838_4013320247778_VOR.jpg', 'warengruppe': 'Knabbern & Naschen', 'warengruppeid': 10, 'kriterien': None, 'sonderkennzeichen': None, 'zutaten': None, 'nachlass': None, 'genussplus': None, 'basicPrice': '100g=2,22', 'national': False, 'gueltig_bis': 1618610400000}, {'angebotid': 3072429, 'externeid': None, 'titel': 'Gepa Bio-Kaffee Organico', 'preis': 4.44, 'beschreibung': 'versch. Sorten, 250g Beutel, (100g=1,78)', 'punkte_deutschlandcard': '0', 'zusatztext': '*Nicht in allen Filialen erhaeltlich. Alle weiteren Informationen der Firma und Anschrift Ihres teilnehmenden EDEKA-Marktes finden Sie unter www.edeka.de/marktsuche oder unter der Telefonnummer 0800 724 28 55 (kostenfrei aus dem dt. Fest- und Mobilfunknetz). Alle Angebote g\u00c3\u00bcltig bis Samstag, 17.04.2021, KW 15. Wir haben uns f\u00c3\u00bcr diesen Zeitraum ausreichend bevorratet. Bitte entschuldigen Sie, wenn die Artikel auf Grund der gro\u00c3\u0178en Nachfrage dennoch im Einzelfall ausverkauft sein sollten. Abgabe in haushalts\u00c3\u00bcblichen Mengen. F\u00c3\u00bcr Darstellungsfehler \u00c3\u00bcbernehmen wir keine Haftung. EDEKA-Markt Minden-Hannover GmbH, Wittelsbacherallee 61, 32427 Minden.', 'bild_web90': 'https://offer-images.api.edeka/c4af0676-8e8e-4767-a1ea-3e06470452cc_4013320041093_VOR.jpg', 'bild_web130': 'https://offer-images.api.edeka/05aa6f24-dc4f-4a56-8ae5-1f1345c4a433_4013320041093_VOR.jpg', 'bild_app': 'https://offer-images.api.edeka/20f18f87-a4a8-4e6d-9ad3-c17bceb1eeb9_4013320041093_VOR.jpg', 'warengruppe': 'Grundnahrung', 'warengruppeid': 6, 'kriterien': None, 'sonderkennzeichen': None, 'zutaten': None, 'nachlass': None, 'genussplus': None, 'basicPrice': '100g=1,78', 'national': False, 'gueltig_bis': 1618610400000}, {'angebotid': 3072430, 'externeid': None, 'titel': 'Gervais H\u00c3\u00bcttenkaese', 'preis': 0.99, 'beschreibung': 'k\u00c3\u00b6rniger Frischkaese Original, 200g Becher, (100g=0,50)', 'punkte_deutschlandcard': '0', 'zusatztext': '*Nicht in allen Filialen erhaeltlich. Alle weiteren Informationen der Firma und Anschrift Ihres teilnehmenden EDEKA-Marktes finden Sie unter www.edeka.de/marktsuche oder unter der Telefonnummer 0800 724 28 55 (kostenfrei aus dem dt. Fest- und Mobilfunknetz). Alle Angebote g\u00c3\u00bcltig bis Samstag, 17.04.2021, KW 15. Wir haben uns f\u00c3\u00bcr diesen Zeitraum ausreichend bevorratet. Bitte entschuldigen Sie, wenn die Artikel auf Grund der gro\u00c3\u0178en Nachfrage dennoch im Einzelfall ausverkauft sein sollten. Abgabe in haushalts\u00c3\u00bcblichen Mengen. F\u00c3\u00bcr Darstellungsfehler \u00c3\u00bcbernehmen wir keine Haftung. EDEKA-Markt Minden-Hannover GmbH, Wittelsbacherallee 61, 32427 Minden.', 'bild_web90': 'https://offer-images.api.edeka/44f1554b-204d-46f1-bf8f-1132befdc3c4_40097138_VOR.jpg', 'bild_web130': 'https://offer-images.api.edeka/26b8ff05-e3aa-4c42-886c-cbb7d7623ff7_40097138_VOR.jpg', 'bild_app': 'https://offer-images.api.edeka/d2ec48ac-2945-4561-9019-a0a69b777f2c_40097138_VOR.jpg', 'warengruppe': 'Molkerei & Kaese', 'warengruppeid': 3, 'kriterien': None, 'sonderkennzeichen': None, 'zutaten': None, 'nachlass': None, 'genussplus': None, 'basicPrice': '100g=0,50', 'national': False, 'gueltig_bis': 1618610400000}, {'angebotid': 3072431, 'externeid': None, 'titel': 'Golden Toast', 'preis': 0.88, 'beschreibung': 'Toastbrot, versch. Sorten, 500g Beutel, (1kg=1,76)', 'punkte_deutschlandcard': '0', 'zusatztext': '*Nicht in allen Filialen erhaeltlich. Alle weiteren Informationen der Firma und Anschrift Ihres teilnehmenden EDEKA-Marktes finden Sie unter www.edeka.de/marktsuche oder unter der Telefonnummer 0800 724 28 55 (kostenfrei aus dem dt. Fest- und Mobilfunknetz). Alle Angebote g\u00c3\u00bcltig bis Samstag, 17.04.2021, KW 15. Wir haben uns f\u00c3\u00bcr diesen Zeitraum ausreichend bevorratet. Bitte entschuldigen Sie, wenn die Artikel auf Grund der gro\u00c3\u0178en Nachfrage dennoch im Einzelfall ausverkauft sein sollten. Abgabe in haushalts\u00c3\u00bcblichen Mengen. F\u00c3\u00bcr Darstellungsfehler \u00c3\u00bcbernehmen wir keine Haftung. EDEKA-Markt Minden-Hannover GmbH, Wittelsbacherallee 61, 32427 Minden.', 'bild_web90': 'https://offer-images.api.edeka/fc1a512e-ebe1-4c96-af16-1aab4fb6b041_4009249019916_PER.jpg', 'bild_web130': 'https://offer-images.api.edeka/fd2c97a0-e7ff-46cb-b652-bba06b09fbaf_4009249019916_PER.jpg', 'bild_app': 'https://offer-images.api.edeka/62fdbd48-0d54-4e8f-b378-d54fc6a55c0d_4009249019916_PER.jpg', 'warengruppe': 'Grundnahrung', 'warengruppeid': 6, 'kriterien': None, 'sonderkennzeichen': None, 'zutaten': None, 'nachlass': None, 'genussplus': None, 'basicPrice': '1kg=1,76', 'national': False, 'gueltig_bis': 1618610400000}, {'angebotid': 3072432, 'externeid': None, 'titel': 'Gr\u00c3\u00bcnlaender', 'preis': 0.79, 'beschreibung': 'dtsch. Schnittkaese, nussig-aromatisch, 48% Fett i. Tr., 100g', 'punkte_deutschlandcard': '0', 'zusatztext': '*Nicht in allen Filialen erhaeltlich. Alle weiteren Informationen der Firma und Anschrift Ihres teilnehmenden EDEKA-Marktes finden Sie unter www.edeka.de/marktsuche oder unter der Telefonnummer 0800 724 28 55 (kostenfrei aus dem dt. Fest- und Mobilfunknetz). Alle Angebote g\u00c3\u00bcltig bis Samstag, 17.04.2021, KW 15. Wir haben uns f\u00c3\u00bcr diesen Zeitraum ausreichend bevorratet. Bitte entschuldigen Sie, wenn die Artikel auf Grund der gro\u00c3\u0178en Nachfrage dennoch im Einzelfall ausverkauft sein sollten. Abgabe in haushalts\u00c3\u00bcblichen Mengen. F\u00c3\u00bcr Darstellungsfehler \u00c3\u00bcbernehmen wir keine Haftung. EDEKA-Markt Minden-Hannover GmbH, Wittelsbacherallee 61, 32427 Minden.', 'bild_web90': 'https://offer-images.api.edeka/e0baee90-6e76-42d9-8cfb-af49db09c87d_gruenlaender.jpg', 'bild_web130': 'https://offer-images.api.edeka/6d74d0f3-fd1e-4841-b537-78865e0ced17_gruenlaender.jpg', 'bild_app': 'https://offer-images.api.edeka/e829b419-f3d6-4708-aed6-c9aea72b2728_gruenlaender.jpg', 'warengruppe': 'Molkerei & Kaese', 'warengruppeid': 3, 'kriterien': None, 'sonderkennzeichen': None, 'zutaten': None, 'nachlass': None, 'genussplus': None, 'basicPrice': None, 'national': False, 'gueltig_bis': 1618610400000}, {'angebotid': 3072433, 'externeid': None, 'titel': 'Gaertnertopf', 'preis': 1.29, 'beschreibung': 'Frischkaesezubereitung mit Paprika, Dill, Petersilie und Schnittlauch, Doppelrahmstufe, 100g', 'punkte_deutschlandcard': '0', 'zusatztext': '*Nicht in allen Filialen erhaeltlich. Alle weiteren Informationen der Firma und Anschrift Ihres teilnehmenden EDEKA-Marktes finden Sie unter www.edeka.de/marktsuche oder unter der Telefonnummer 0800 724 28 55 (kostenfrei aus dem dt. Fest- und Mobilfunknetz). Alle Angebote g\u00c3\u00bcltig bis Samstag, 17.04.2021, KW 15. Wir haben uns f\u00c3\u00bcr diesen Zeitraum ausreichend bevorratet. Bitte entschuldigen Sie, wenn die Artikel auf Grund der gro\u00c3\u0178en Nachfrage dennoch im Einzelfall ausverkauft sein sollten. Abgabe in haushalts\u00c3\u00bcblichen Mengen. F\u00c3\u00bcr Darstellungsfehler \u00c3\u00bcbernehmen wir keine Haftung. EDEKA-Markt Minden-Hannover GmbH, Wittelsbacherallee 61, 32427 Minden.', 'bild_web90': 'https://offer-images.api.edeka/56b1233a-c4fd-4073-851a-041cf3b88edc_70703_gaertnertopf.jpg', 'bild_web130': 'https://offer-images.api.edeka/7e84f9bc-dfdc-4b42-924b-0f0f944814b3_70703_gaertnertopf.jpg', 'bild_app': 'https://offer-images.api.edeka/d498e807-ae5f-4141-b805-b12e28eaf009_70703_gaertnertopf.jpg', 'warengruppe': 'Molkerei & Kaese', 'warengruppeid': 3, 'kriterien': None, 'sonderkennzeichen': None, 'zutaten': None, 'nachlass': None, 'genussplus': None, 'basicPrice': None, 'national': False, 'gueltig_bis': 1618610400000}, {'angebotid': 3072435, 'externeid': None, 'titel': 'Havana Club', 'preis': 19.95, 'beschreibung': 'kubanischer Rum, 7 Jahre alt, 40% Vol., 0,7l Flasche, (1l=28,50)', 'punkte_deutschlandcard': '0', 'zusatztext': '*Nicht in allen Filialen erhaeltlich. Alle weiteren Informationen der Firma und Anschrift Ihres teilnehmenden EDEKA-Marktes finden Sie unter www.edeka.de/marktsuche oder unter der Telefonnummer 0800 724 28 55 (kostenfrei aus dem dt. Fest- und Mobilfunknetz). Alle Angebote g\u00c3\u00bcltig bis Samstag, 17.04.2021, KW 15. Wir haben uns f\u00c3\u00bcr diesen Zeitraum ausreichend bevorratet. Bitte entschuldigen Sie, wenn die Artikel auf Grund der gro\u00c3\u0178en Nachfrage dennoch im Einzelfall ausverkauft sein sollten. Abgabe in haushalts\u00c3\u00bcblichen Mengen. F\u00c3\u00bcr Darstellungsfehler \u00c3\u00bcbernehmen wir keine Haftung. EDEKA-Markt Minden-Hannover GmbH, Wittelsbacherallee 61, 32427 Minden.', 'bild_web90': 'https://offer-images.api.edeka/bf1dd856-7729-4e31-b1e5-54f7bbf4fdba_8501110080439_VOR.jpg', 'bild_web130': 'https://offer-images.api.edeka/1a1eeadd-0078-4a85-92c1-0f237f348c73_8501110080439_VOR.jpg', 'bild_app': 'https://offer-images.api.edeka/6585e73b-2d8b-4603-8d45-25cb0fd2f77c_8501110080439_VOR.jpg', 'warengruppe': 'Getraenke', 'warengruppeid': 7, 'kriterien': None, 'sonderkennzeichen': None, 'zutaten': None, 'nachlass': None, 'genussplus': None, 'basicPrice': '1l=28,50', 'national': False, 'gueltig_bis': 1618610400000}, {'angebotid': 3072436, 'externeid': None, 'titel': 'Henderson Gin', 'preis': 9.99, 'beschreibung': 'versch. Sorten, 0,7l Flasche, (1l=14,27)', 'punkte_deutschlandcard': '0', 'zusatztext': '*Nicht in allen Filialen erhaeltlich. Alle weiteren Informationen der Firma und Anschrift Ihres teilnehmenden EDEKA-Marktes finden Sie unter www.edeka.de/marktsuche oder unter der Telefonnummer 0800 724 28 55 (kostenfrei aus dem dt. Fest- und Mobilfunknetz). Alle Angebote g\u00c3\u00bcltig bis Samstag, 17.04.2021, KW 15. Wir haben uns f\u00c3\u00bcr diesen Zeitraum ausreichend bevorratet. Bitte entschuldigen Sie, wenn die Artikel auf Grund der gro\u00c3\u0178en Nachfrage dennoch im Einzelfall ausverkauft sein sollten. Abgabe in haushalts\u00c3\u00bcblichen Mengen. F\u00c3\u00bcr Darstellungsfehler \u00c3\u00bcbernehmen wir keine Haftung. EDEKA-Markt Minden-Hannover GmbH, Wittelsbacherallee 61, 32427 Minden.', 'bild_web90': 'https://offer-images.api.edeka/3853fe07-d595-4c35-b1d0-769f2ca7d71d_43115556_PER.jpg', 'bild_web130': 'https://offer-images.api.edeka/f7baf43e-e515-4a9c-9b70-069d0561be00_43115556_PER.jpg', 'bild_app': 'https://offer-images.api.edeka/3b8e9392-6ae6-4b6f-aa52-a3861cfdac2c_43115556_PER.jpg', 'warengruppe': 'Getraenke', 'warengruppeid': 7, 'kriterien': None, 'sonderkennzeichen': None, 'zutaten': None, 'nachlass': None, 'genussplus': None, 'basicPrice': '1l=14,27', 'national': False, 'gueltig_bis': 1618610400000}, {'angebotid': 3072437, 'externeid': None, 'titel': 'Henkel Somat XXL', 'preis': 6.99, 'beschreibung': 'Geschirrsp\u00c3\u00bclmaschinenreiniger, versch. Varianten, z.B.: Somat 10 All in 1 56er, 12 Gold 50er, Packung, (1me=0,05)', 'punkte_deutschlandcard': '0', 'zusatztext': '*Nicht in allen Filialen erhaeltlich. Alle weiteren Informationen der Firma und Anschrift Ihres teilnehmenden EDEKA-Marktes finden Sie unter www.edeka.de/marktsuche oder unter der Telefonnummer 0800 724 28 55 (kostenfrei aus dem dt. Fest- und Mobilfunknetz). Alle Angebote g\u00c3\u00bcltig bis Samstag, 17.04.2021, KW 15. Wir haben uns f\u00c3\u00bcr diesen Zeitraum ausreichend bevorratet. Bitte entschuldigen Sie, wenn die Artikel auf Grund der gro\u00c3\u0178en Nachfrage dennoch im Einzelfall ausverkauft sein sollten. Abgabe in haushalts\u00c3\u00bcblichen Mengen. F\u00c3\u00bcr Darstellungsfehler \u00c3\u00bcbernehmen wir keine Haftung. EDEKA-Markt Minden-Hannover GmbH, Wittelsbacherallee 61, 32427 Minden.', 'bild_web90': 'https://offer-images.api.edeka/b75698bd-1d33-4a93-a0e9-36069c36d23f_4015000967372_VOR.jpg', 'bild_web130': 'https://offer-images.api.edeka/1c008802-68b5-4e86-86ce-1c5a31743678_4015000967372_VOR.jpg', 'bild_app': 'https://offer-images.api.edeka/afb75c7c-ac02-4e5f-84f3-087565d67467_4015000967372_VOR.jpg', 'warengruppe': 'Drogerie', 'warengruppeid': 9, 'kriterien': None, 'sonderkennzeichen': None, 'zutaten': None, 'nachlass': None, 'genussplus': None, 'basicPrice': '1me=0,05', 'national': False, 'gueltig_bis': 1618610400000}, {'angebotid': 3072438, 'externeid': None, 'titel': 'Iglo Fischstaebchen', 'preis': 1.99, 'beschreibung': 'versch. Sorten, 224/364/450g Packung, (1kg=8,88/5,47/4,42)', 'punkte_deutschlandcard': '0', 'zusatztext': '*Nicht in allen Filialen erhaeltlich. Alle weiteren Informationen der Firma und Anschrift Ihres teilnehmenden EDEKA-Marktes finden Sie unter www.edeka.de/marktsuche oder unter der Telefonnummer 0800 724 28 55 (kostenfrei aus dem dt. Fest- und Mobilfunknetz). Alle Angebote g\u00c3\u00bcltig bis Samstag, 17.04.2021, KW 15. Wir haben uns f\u00c3\u00bcr diesen Zeitraum ausreichend bevorratet. Bitte entschuldigen Sie, wenn die Artikel auf Grund der gro\u00c3\u0178en Nachfrage dennoch im Einzelfall ausverkauft sein sollten. Abgabe in haushalts\u00c3\u00bcblichen Mengen. F\u00c3\u00bcr Darstellungsfehler \u00c3\u00bcbernehmen wir keine Haftung. EDEKA-Markt Minden-Hannover GmbH, Wittelsbacherallee 61, 32427 Minden.', 'bild_web90': 'https://offer-images.api.edeka/a828318e-9da4-4cdb-baed-74d903b8e0a7_4250241203524_PER.jpg', 'bild_web130': 'https://offer-images.api.edeka/738261d5-7c33-4afb-9ef9-986de7c962b4_4250241203524_PER.jpg', 'bild_app': 'https://offer-images.api.edeka/df8c053d-1e6c-4b42-9d0f-cea640a71169_4250241203524_PER.jpg', 'warengruppe': 'Tiefk\u00c3\u00bchl', 'warengruppeid': 5, 'kriterien': None, 'sonderkennzeichen': None, 'zutaten': None, 'nachlass': None, 'genussplus': None, 'basicPrice': '1kg=8,88/5,47/4,42', 'national': False, 'gueltig_bis': 1618610400000}, {'angebotid': 3072439, 'externeid': None, 'titel': 'Iglo Spinat-Minis', 'preis': 0.99, 'beschreibung': 'frei dosier- und portionierbar, versch. Sorten, 284/500/750g Packung, (1kg=3,49/1,98/1,32)', 'punkte_deutschlandcard': '0', 'zusatztext': '*Nicht in allen Filialen erhaeltlich. Alle weiteren Informationen der Firma und Anschrift Ihres teilnehmenden EDEKA-Marktes finden Sie unter www.edeka.de/marktsuche oder unter der Telefonnummer 0800 724 28 55 (kostenfrei aus dem dt. Fest- und Mobilfunknetz). Alle Angebote g\u00c3\u00bcltig bis Samstag, 17.04.2021, KW 15. Wir haben uns f\u00c3\u00bcr diesen Zeitraum ausreichend bevorratet. Bitte entschuldigen Sie, wenn die Artikel auf Grund der gro\u00c3\u0178en Nachfrage dennoch im Einzelfall ausverkauft sein sollten. Abgabe in haushalts\u00c3\u00bcblichen Mengen. F\u00c3\u00bcr Darstellungsfehler \u00c3\u00bcbernehmen wir keine Haftung. EDEKA-Markt Minden-Hannover GmbH, Wittelsbacherallee 61, 32427 Minden.', 'bild_web90': 'https://offer-images.api.edeka/627e7a5c-8ed6-421f-8ff1-da4d09418ead_BlattSpinat500.jpg', 'bild_web130': 'https://offer-images.api.edeka/962be728-222b-4c56-a823-4c28091d8658_BlattSpinat500.jpg', 'bild_app': 'https://offer-images.api.edeka/05c59dfb-f753-429a-8810-91d571315458_BlattSpinat500.jpg', 'warengruppe': 'Tiefk\u00c3\u00bchl', 'warengruppeid': 5, 'kriterien': None, 'sonderkennzeichen': None, 'zutaten': None, 'nachlass': None, 'genussplus': None, 'basicPrice': '1kg=3,49/1,98/1,32', 'national': False, 'gueltig_bis': 1618610400000}, {'angebotid': 3072440, 'externeid': None, 'titel': 'Jever Pilsener', 'preis': 3.29, 'beschreibung': 'versch. Sorten, + 0,48 Pfand, 6x0,33l Flasche, (1l=1,66)', 'punkte_deutschlandcard': '0', 'zusatztext': '*Nicht in allen Filialen erhaeltlich. Alle weiteren Informationen der Firma und Anschrift Ihres teilnehmenden EDEKA-Marktes finden Sie unter www.edeka.de/marktsuche oder unter der Telefonnummer 0800 724 28 55 (kostenfrei aus dem dt. Fest- und Mobilfunknetz). Alle Angebote g\u00c3\u00bcltig bis Samstag, 17.04.2021, KW 15. Wir haben uns f\u00c3\u00bcr diesen Zeitraum ausreichend bevorratet. Bitte entschuldigen Sie, wenn die Artikel auf Grund der gro\u00c3\u0178en Nachfrage dennoch im Einzelfall ausverkauft sein sollten. Abgabe in haushalts\u00c3\u00bcblichen Mengen. F\u00c3\u00bcr Darstellungsfehler \u00c3\u00bcbernehmen wir keine Haftung. EDEKA-Markt Minden-Hannover GmbH, Wittelsbacherallee 61, 32427 Minden.', 'bild_web90': 'https://offer-images.api.edeka/0f498933-d870-4eb4-9aeb-19629d10743a_4008948192012_PER.jpg', 'bild_web130': 'https://offer-images.api.edeka/21b1413b-7fc1-41af-886a-2836e5a90f0f_4008948192012_PER.jpg', 'bild_app': 'https://offer-images.api.edeka/939d7f00-72ce-4355-be35-fa4d28962a53_4008948192012_PER.jpg', 'warengruppe': 'Getraenke', 'warengruppeid': 7, 'kriterien': None, 'sonderkennzeichen': None, 'zutaten': None, 'nachlass': None, 'genussplus': None, 'basicPrice': '1l=1,66', 'national': False, 'gueltig_bis': 1618610400000}, {'angebotid': 3072441, 'externeid': None, 'titel': 'Jaegermeister', 'preis': 9.99, 'beschreibung': 'Kraeuterlik\u00c3\u00b6r, 35% Vol., 0,7l Flasche, (1l=14,27)', 'punkte_deutschlandcard': '0', 'zusatztext': '*Nicht in allen Filialen erhaeltlich. Alle weiteren Informationen der Firma und Anschrift Ihres teilnehmenden EDEKA-Marktes finden Sie unter www.edeka.de/marktsuche oder unter der Telefonnummer 0800 724 28 55 (kostenfrei aus dem dt. Fest- und Mobilfunknetz). Alle Angebote g\u00c3\u00bcltig bis Samstag, 17.04.2021, KW 15. Wir haben uns f\u00c3\u00bcr diesen Zeitraum ausreichend bevorratet. Bitte entschuldigen Sie, wenn die Artikel auf Grund der gro\u00c3\u0178en Nachfrage dennoch im Einzelfall ausverkauft sein sollten. Abgabe in haushalts\u00c3\u00bcblichen Mengen. F\u00c3\u00bcr Darstellungsfehler \u00c3\u00bcbernehmen wir keine Haftung. EDEKA-Markt Minden-Hannover GmbH, Wittelsbacherallee 61, 32427 Minden.', 'bild_web90': 'https://offer-images.api.edeka/52216588-ede8-4b6d-94a3-966f418ee9f5_4067700011015_VOR.jpg', 'bild_web130': 'https://offer-images.api.edeka/a29811ee-071e-482c-a586-7ba7d5df3902_4067700011015_VOR.jpg', 'bild_app': 'https://offer-images.api.edeka/a187b16f-d9d2-4e8a-a4e4-a7f733b0f69e_4067700011015_VOR.jpg', 'warengruppe': 'Getraenke', 'warengruppeid': 7, 'kriterien': None, 'sonderkennzeichen': None, 'zutaten': None, 'nachlass': None, 'genussplus': None, 'basicPrice': '1l=14,27', 'national': False, 'gueltig_bis': 1618610400000}, {'angebotid': 3072442, 'externeid': None, 'titel': 'Kimberly-Clark Cottonelle', 'preis': 1.29, 'beschreibung': 'feuchte Toilettent\u00c3\u00bccher, versch. Varianten, 42er Nachf\u00c3\u00bcllpackung', 'punkte_deutschlandcard': '0', 'zusatztext': '*Nicht in allen Filialen erhaeltlich. Alle weiteren Informationen der Firma und Anschrift Ihres teilnehmenden EDEKA-Marktes finden Sie unter www.edeka.de/marktsuche oder unter der Telefonnummer 0800 724 28 55 (kostenfrei aus dem dt. Fest- und Mobilfunknetz). Alle Angebote g\u00c3\u00bcltig bis Samstag, 17.04.2021, KW 15. Wir haben uns f\u00c3\u00bcr diesen Zeitraum ausreichend bevorratet. Bitte entschuldigen Sie, wenn die Artikel auf Grund der gro\u00c3\u0178en Nachfrage dennoch im Einzelfall ausverkauft sein sollten. Abgabe in haushalts\u00c3\u00bcblichen Mengen. F\u00c3\u00bcr Darstellungsfehler \u00c3\u00bcbernehmen wir keine Haftung. EDEKA-Markt Minden-Hannover GmbH, Wittelsbacherallee 61, 32427 Minden.', 'bild_web90': 'https://offer-images.api.edeka/a31d4c0e-b0c6-4ad8-b0e5-3b023dc423d6_5029053575179_VOR.jpg', 'bild_web130': 'https://offer-images.api.edeka/50f4fbd8-04b0-4b7d-948d-06b595e5ac5d_5029053575179_VOR.jpg', 'bild_app': 'https://offer-images.api.edeka/d9144156-e374-4814-adae-772b2e6d4b36_5029053575179_VOR.jpg', 'warengruppe': 'Drogerie', 'warengruppeid': 9, 'kriterien': None, 'sonderkennzeichen': None, 'zutaten': None, 'nachlass': None, 'genussplus': None, 'basicPrice': None, 'national': False, 'gueltig_bis': 1618610400000}, {'angebotid': 3072443, 'externeid': None, 'titel': 'Knack & Back Vielfalt', 'preis': 1.29, 'beschreibung': 'gek\u00c3\u00bchlter Frischteig, versch. Sorten, z.B.: H\u00c3\u00b6rnchen 230g, Croissants 250g, Dose, (100g=0,56/0,52)', 'punkte_deutschlandcard': '0', 'zusatztext': '*Nicht in allen Filialen erhaeltlich. Alle weiteren Informationen der Firma und Anschrift Ihres teilnehmenden EDEKA-Marktes finden Sie unter www.edeka.de/marktsuche oder unter der Telefonnummer 0800 724 28 55 (kostenfrei aus dem dt. Fest- und Mobilfunknetz). Alle Angebote g\u00c3\u00bcltig bis Samstag, 17.04.2021, KW 15. Wir haben uns f\u00c3\u00bcr diesen Zeitraum ausreichend bevorratet. Bitte entschuldigen Sie, wenn die Artikel auf Grund der gro\u00c3\u0178en Nachfrage dennoch im Einzelfall ausverkauft sein sollten. Abgabe in haushalts\u00c3\u00bcblichen Mengen. F\u00c3\u00bcr Darstellungsfehler \u00c3\u00bcbernehmen wir keine Haftung. EDEKA-Markt Minden-Hannover GmbH, Wittelsbacherallee 61, 32427 Minden.', 'bild_web90': 'https://offer-images.api.edeka/9b64dc70-d0da-4c15-a0e9-be474ced32b6_4016424510151_PER.jpg', 'bild_web130': 'https://offer-images.api.edeka/c1aa64cd-e263-4272-853f-c2d8bc00abef_4016424510151_PER.jpg', 'bild_app': 'https://offer-images.api.edeka/bf885b89-0127-41b7-ba65-508123dd4302_4016424510151_PER.jpg', 'warengruppe': 'Tiefk\u00c3\u00bchl', 'warengruppeid': 5, 'kriterien': None, 'sonderkennzeichen': None, 'zutaten': None, 'nachlass': None, 'genussplus': None, 'basicPrice': '100g=0,56/0,52', 'national': False, 'gueltig_bis': 1618610400000}, {'angebotid': 3072444, 'externeid': None, 'titel': 'Knorr Grill- und W\u00c3\u00bcrzsaucen', 'preis': 0.69, 'beschreibung': 'versch. Sorten, 250ml Flasche, (100ml=0,28)', 'punkte_deutschlandcard': '0', 'zusatztext': '*Nicht in allen Filialen erhaeltlich. Alle weiteren Informationen der Firma und Anschrift Ihres teilnehmenden EDEKA-Marktes finden Sie unter www.edeka.de/marktsuche oder unter der Telefonnummer 0800 724 28 55 (kostenfrei aus dem dt. Fest- und Mobilfunknetz). Alle Angebote g\u00c3\u00bcltig bis Samstag, 17.04.2021, KW 15. Wir haben uns f\u00c3\u00bcr diesen Zeitraum ausreichend bevorratet. Bitte entschuldigen Sie, wenn die Artikel auf Grund der gro\u00c3\u0178en Nachfrage dennoch im Einzelfall ausverkauft sein sollten. Abgabe in haushalts\u00c3\u00bcblichen Mengen. F\u00c3\u00bcr Darstellungsfehler \u00c3\u00bcbernehmen wir keine Haftung. EDEKA-Markt Minden-Hannover GmbH, Wittelsbacherallee 61, 32427 Minden.', 'bild_web90': 'https://offer-images.api.edeka/bb95ccb4-795a-4be2-a509-893ead9ac724_4013300031236_VOR.jpg', 'bild_web130': 'https://offer-images.api.edeka/8c4679b7-5c25-4b16-a41e-883b079dd83b_4013300031236_VOR.jpg', 'bild_app': 'https://offer-images.api.edeka/7595eb5f-e314-440a-9a95-a72e04bd9932_4013300031236_VOR.jpg', 'warengruppe': 'Sonstiges', 'warengruppeid': 11, 'kriterien': None, 'sonderkennzeichen': None, 'zutaten': None, 'nachlass': None, 'genussplus': None, 'basicPrice': '100ml=0,28', 'national': False, 'gueltig_bis': 1618610400000}, {'angebotid': 3072445, 'externeid': None, 'titel': 'Knorr Salatkr\u00c3\u00b6nung', 'preis': 0.69, 'beschreibung': 'versch. Sorten, 5er Packung', 'punkte_deutschlandcard': '0', 'zusatztext': '*Nicht in allen Filialen erhaeltlich. Alle weiteren Informationen der Firma und Anschrift Ihres teilnehmenden EDEKA-Marktes finden Sie unter www.edeka.de/marktsuche oder unter der Telefonnummer 0800 724 28 55 (kostenfrei aus dem dt. Fest- und Mobilfunknetz). Alle Angebote g\u00c3\u00bcltig bis Samstag, 17.04.2021, KW 15. Wir haben uns f\u00c3\u00bcr diesen Zeitraum ausreichend bevorratet. Bitte entschuldigen Sie, wenn die Artikel auf Grund der gro\u00c3\u0178en Nachfrage dennoch im Einzelfall ausverkauft sein sollten. Abgabe in haushalts\u00c3\u00bcblichen Mengen. F\u00c3\u00bcr Darstellungsfehler \u00c3\u00bcbernehmen wir keine Haftung. EDEKA-Markt Minden-Hannover GmbH, Wittelsbacherallee 61, 32427 Minden.', 'bild_web90': 'https://offer-images.api.edeka/a76d8069-17d6-4b50-a385-2689f89085e8_8714100823644_PER.jpg', 'bild_web130': 'https://offer-images.api.edeka/d7f20f31-9ea1-4b90-aff3-ed9697969904_8714100823644_PER.jpg', 'bild_app': 'https://offer-images.api.edeka/d316ad06-e2b5-4fb4-83f7-1eb64361d3bf_8714100823644_PER.jpg', 'warengruppe': 'Sonstiges', 'warengruppeid': 11, 'kriterien': None, 'sonderkennzeichen': None, 'zutaten': None, 'nachlass': None, 'genussplus': None, 'basicPrice': None, 'national': False, 'gueltig_bis': 1618610400000}, {'angebotid': 3072446, 'externeid': None, 'titel': 'Kraft Tomatenketchup', 'preis': 1.19, 'beschreibung': '500ml Flasche, (1l=2,38)', 'punkte_deutschlandcard': '0', 'zusatztext': '*Nicht in allen Filialen erhaeltlich. Alle weiteren Informationen der Firma und Anschrift Ihres teilnehmenden EDEKA-Marktes finden Sie unter www.edeka.de/marktsuche oder unter der Telefonnummer 0800 724 28 55 (kostenfrei aus dem dt. Fest- und Mobilfunknetz). Alle Angebote g\u00c3\u00bcltig bis Samstag, 17.04.2021, KW 15. Wir haben uns f\u00c3\u00bcr diesen Zeitraum ausreichend bevorratet. Bitte entschuldigen Sie, wenn die Artikel auf Grund der gro\u00c3\u0178en Nachfrage dennoch im Einzelfall ausverkauft sein sollten. Abgabe in haushalts\u00c3\u00bcblichen Mengen. F\u00c3\u00bcr Darstellungsfehler \u00c3\u00bcbernehmen wir keine Haftung. EDEKA-Markt Minden-Hannover GmbH, Wittelsbacherallee 61, 32427 Minden.', 'bild_web90': 'https://offer-images.api.edeka/3029dce1-1683-434c-a856-3f9d22c5efc5_8715700115894.jpg', 'bild_web130': 'https://offer-images.api.edeka/61f60e66-2b24-423b-aa38-94bb481d39ff_8715700115894.jpg', 'bild_app': 'https://offer-images.api.edeka/d1c5e810-72fe-4587-88cc-8ee95a7d9308_8715700115894.jpg', 'warengruppe': 'Sonstiges', 'warengruppeid': 11, 'kriterien': None, 'sonderkennzeichen': None, 'zutaten': None, 'nachlass': None, 'genussplus': None, 'basicPrice': '1l=2,38', 'national': False, 'gueltig_bis': 1618610400000}, {'angebotid': 3072447, 'externeid': None, 'titel': 'Kr\u00c3\u00bcger Nederland Kakao', 'preis': 1.29, 'beschreibung': 'schwach ent\u00c3\u00b6lt, 250g Packung, (100g=0,52)', 'punkte_deutschlandcard': '0', 'zusatztext': '*Nicht in allen Filialen erhaeltlich. Alle weiteren Informationen der Firma und Anschrift Ihres teilnehmenden EDEKA-Marktes finden Sie unter www.edeka.de/marktsuche oder unter der Telefonnummer 0800 724 28 55 (kostenfrei aus dem dt. Fest- und Mobilfunknetz). Alle Angebote g\u00c3\u00bcltig bis Samstag, 17.04.2021, KW 15. Wir haben uns f\u00c3\u00bcr diesen Zeitraum ausreichend bevorratet. Bitte entschuldigen Sie, wenn die Artikel auf Grund der gro\u00c3\u0178en Nachfrage dennoch im Einzelfall ausverkauft sein sollten. Abgabe in haushalts\u00c3\u00bcblichen Mengen. F\u00c3\u00bcr Darstellungsfehler \u00c3\u00bcbernehmen wir keine Haftung. EDEKA-Markt Minden-Hannover GmbH, Wittelsbacherallee 61, 32427 Minden.', 'bild_web90': 'https://offer-images.api.edeka/d97f0a1c-5e55-4b8f-977b-dfd2e7257310_4052700241685_PER.jpg', 'bild_web130': 'https://offer-images.api.edeka/41e666e7-2056-4eaa-ad4f-4b6ddb46294b_4052700241685_PER.jpg', 'bild_app': 'https://offer-images.api.edeka/1bfb6cd1-6ab5-40b3-850b-4569b378c0ea_4052700241685_PER.jpg', 'warengruppe': 'Sonstiges', 'warengruppeid': 11, 'kriterien': None, 'sonderkennzeichen': None, 'zutaten': None, 'nachlass': None, 'genussplus': None, 'basicPrice': '100g=0,52', 'national': False, 'gueltig_bis': 1618610400000}, {'angebotid': 3072448, 'externeid': None, 'titel': 'K\u00c3\u00bchne Dressing', 'preis': 1.19, 'beschreibung': 'versch. Sorten, 500ml Flasche, (1l=2,38)', 'punkte_deutschlandcard': '0', 'zusatztext': '*Nicht in allen Filialen erhaeltlich. Alle weiteren Informationen der Firma und Anschrift Ihres teilnehmenden EDEKA-Marktes finden Sie unter www.edeka.de/marktsuche oder unter der Telefonnummer 0800 724 28 55 (kostenfrei aus dem dt. Fest- und Mobilfunknetz). Alle Angebote g\u00c3\u00bcltig bis Samstag, 17.04.2021, KW 15. Wir haben uns f\u00c3\u00bcr diesen Zeitraum ausreichend bevorratet. Bitte entschuldigen Sie, wenn die Artikel auf Grund der gro\u00c3\u0178en Nachfrage dennoch im Einzelfall ausverkauft sein sollten. Abgabe in haushalts\u00c3\u00bcblichen Mengen. F\u00c3\u00bcr Darstellungsfehler \u00c3\u00bcbernehmen wir keine Haftung. EDEKA-Markt Minden-Hannover GmbH, Wittelsbacherallee 61, 32427 Minden.', 'bild_web90': 'https://offer-images.api.edeka/28dd624b-f98f-4101-b9a1-106b6c17c21b_4012200039052.jpg', 'bild_web130': 'https://offer-images.api.edeka/9c65d230-5756-458e-8912-d33fbadd703e_4012200039052.jpg', 'bild_app': 'https://offer-images.api.edeka/0d5f9a43-3372-4151-a6b4-d898beee5d25_4012200039052.jpg', 'warengruppe': 'Sonstiges', 'warengruppeid': 11, 'kriterien': None, 'sonderkennzeichen': None, 'zutaten': None, 'nachlass': None, 'genussplus': None, 'basicPrice': '1l=2,38', 'national': False, 'gueltig_bis': 1618610400000}, {'angebotid': 3072449, 'externeid': None, 'titel': \"L'Or\u00c3\u00a9al Paris Elnett Haarspray\", 'preis': 2.89, 'beschreibung': 'versch. Varianten, 300ml Dose, (1l=9,63)', 'punkte_deutschlandcard': '0', 'zusatztext': '*Nicht in allen Filialen erhaeltlich. Alle weiteren Informationen der Firma und Anschrift Ihres teilnehmenden EDEKA-Marktes finden Sie unter www.edeka.de/marktsuche oder unter der Telefonnummer 0800 724 28 55 (kostenfrei aus dem dt. Fest- und Mobilfunknetz). Alle Angebote g\u00c3\u00bcltig bis Samstag, 17.04.2021, KW 15. Wir haben uns f\u00c3\u00bcr diesen Zeitraum ausreichend bevorratet. Bitte entschuldigen Sie, wenn die Artikel auf Grund der gro\u00c3\u0178en Nachfrage dennoch im Einzelfall ausverkauft sein sollten. Abgabe in haushalts\u00c3\u00bcblichen Mengen. F\u00c3\u00bcr Darstellungsfehler \u00c3\u00bcbernehmen wir keine Haftung. EDEKA-Markt Minden-Hannover GmbH, Wittelsbacherallee 61, 32427 Minden.', 'bild_web90': 'https://offer-images.api.edeka/1313077d-ceb2-49b7-a8df-278ff6363881_3600523791859_VOR.jpg', 'bild_web130': 'https://offer-images.api.edeka/ab12f20c-f964-4d1f-af86-4a07a86576b0_3600523791859_VOR.jpg', 'bild_app': 'https://offer-images.api.edeka/7adc1a24-ad67-4ada-b93f-a0d15b21621f_3600523791859_VOR.jpg', 'warengruppe': 'Drogerie', 'warengruppeid': 9, 'kriterien': None, 'sonderkennzeichen': None, 'zutaten': None, 'nachlass': None, 'genussplus': None, 'basicPrice': '1l=9,63', 'national': False, 'gueltig_bis': 1618610400000}, {'angebotid': 3072450, 'externeid': None, 'titel': 'Landhof Berner-W\u00c3\u00bcrstel', 'preis': 4.99, 'beschreibung': 'mit w\u00c3\u00bcrzigem Kaese und gegartem Bauchspeck, ideal f\u00c3\u00bcr Grill und Pfanne, 500g Packung, (1kg=9,98)', 'punkte_deutschlandcard': '0', 'zusatztext': '*Nicht in allen Filialen erhaeltlich. Alle weiteren Informationen der Firma und Anschrift Ihres teilnehmenden EDEKA-Marktes finden Sie unter www.edeka.de/marktsuche oder unter der Telefonnummer 0800 724 28 55 (kostenfrei aus dem dt. Fest- und Mobilfunknetz). Alle Angebote g\u00c3\u00bcltig bis Samstag, 17.04.2021, KW 15. Wir haben uns f\u00c3\u00bcr diesen Zeitraum ausreichend bevorratet. Bitte entschuldigen Sie, wenn die Artikel auf Grund der gro\u00c3\u0178en Nachfrage dennoch im Einzelfall ausverkauft sein sollten. Abgabe in haushalts\u00c3\u00bcblichen Mengen. F\u00c3\u00bcr Darstellungsfehler \u00c3\u00bcbernehmen wir keine Haftung. EDEKA-Markt Minden-Hannover GmbH, Wittelsbacherallee 61, 32427 Minden.', 'bild_web90': 'https://offer-images.api.edeka/3a25a910-b37e-4763-b62c-1c70278baa28_7704Berner6Stk500g_141.jpg', 'bild_web130': 'https://offer-images.api.edeka/496689aa-72bc-462a-974f-189fec85dbc4_7704Berner6Stk500g_141.jpg', 'bild_app': 'https://offer-images.api.edeka/a476dcd1-f796-4b01-a03d-00c62c7504ac_7704Berner6Stk500g_141.jpg', 'warengruppe': 'Fleisch & Wurst', 'warengruppeid': 1, 'kriterien': None, 'sonderkennzeichen': None, 'zutaten': None, 'nachlass': None, 'genussplus': None, 'basicPrice': '1kg=9,98', 'national': False, 'gueltig_bis': 1618610400000}, {'angebotid': 3072451, 'externeid': None, 'titel': 'Langnese Honig', 'preis': 2.99, 'beschreibung': 'Sommerbl\u00c3\u00bcte oder Landhonig, 500g Glas, (1kg=5,98)', 'punkte_deutschlandcard': '0', 'zusatztext': '*Nicht in allen Filialen erhaeltlich. Alle weiteren Informationen der Firma und Anschrift Ihres teilnehmenden EDEKA-Marktes finden Sie unter www.edeka.de/marktsuche oder unter der Telefonnummer 0800 724 28 55 (kostenfrei aus dem dt. Fest- und Mobilfunknetz). Alle Angebote g\u00c3\u00bcltig bis Samstag, 17.04.2021, KW 15. Wir haben uns f\u00c3\u00bcr diesen Zeitraum ausreichend bevorratet. Bitte entschuldigen Sie, wenn die Artikel auf Grund der gro\u00c3\u0178en Nachfrage dennoch im Einzelfall ausverkauft sein sollten. Abgabe in haushalts\u00c3\u00bcblichen Mengen. F\u00c3\u00bcr Darstellungsfehler \u00c3\u00bcbernehmen wir keine Haftung. EDEKA-Markt Minden-Hannover GmbH, Wittelsbacherallee 61, 32427 Minden.', 'bild_web90': 'https://offer-images.api.edeka/c823ad7f-f6b4-4b3c-a233-9b889864a642_4023300490117_VOR.jpg', 'bild_web130': 'https://offer-images.api.edeka/a7740015-6c49-449e-80d8-deda79a412a9_4023300490117_VOR.jpg', 'bild_app': 'https://offer-images.api.edeka/dc85ec79-cf6c-4713-8919-02bbe39286ad_4023300490117_VOR.jpg', 'warengruppe': 'Grundnahrung', 'warengruppeid': 6, 'kriterien': None, 'sonderkennzeichen': None, 'zutaten': None, 'nachlass': None, 'genussplus': None, 'basicPrice': '1kg=5,98', 'national': False, 'gueltig_bis': 1618610400000}, {'angebotid': 3072452, 'externeid': None, 'titel': 'Lavazza Caff\u00c3\u00a8 Crema', 'preis': 7.99, 'beschreibung': 'ganze Bohne, ideal f\u00c3\u00bcr Kaffeevollautomaten, versch. Sorten, 1000g Beutel', 'punkte_deutschlandcard': '0', 'zusatztext': '*Nicht in allen Filialen erhaeltlich. Alle weiteren Informationen der Firma und Anschrift Ihres teilnehmenden EDEKA-Marktes finden Sie unter www.edeka.de/marktsuche oder unter der Telefonnummer 0800 724 28 55 (kostenfrei aus dem dt. Fest- und Mobilfunknetz). Alle Angebote g\u00c3\u00bcltig bis Samstag, 17.04.2021, KW 15. Wir haben uns f\u00c3\u00bcr diesen Zeitraum ausreichend bevorratet. Bitte entschuldigen Sie, wenn die Artikel auf Grund der gro\u00c3\u0178en Nachfrage dennoch im Einzelfall ausverkauft sein sollten. Abgabe in haushalts\u00c3\u00bcblichen Mengen. F\u00c3\u00bcr Darstellungsfehler \u00c3\u00bcbernehmen wir keine Haftung. EDEKA-Markt Minden-Hannover GmbH, Wittelsbacherallee 61, 32427 Minden.', 'bild_web90': 'https://offer-images.api.edeka/c00f9532-7797-48a2-ae17-f546358cd10b_8000070025400.jpg', 'bild_web130': 'https://offer-images.api.edeka/7578fad0-214e-4939-a751-3ed8ae775f6e_8000070025400.jpg', 'bild_app': 'https://offer-images.api.edeka/58c62977-b3b9-4e40-ab3f-a88195e0f43d_8000070025400.jpg', 'warengruppe': 'Grundnahrung', 'warengruppeid': 6, 'kriterien': None, 'sonderkennzeichen': None, 'zutaten': None, 'nachlass': None, 'genussplus': None, 'basicPrice': None, 'national': False, 'gueltig_bis': 1618610400000}, {'angebotid': 3072453, 'externeid': None, 'titel': 'Lenor Weichsp\u00c3\u00bcler', 'preis': 1.29, 'beschreibung': 'versch. Varianten, 26/29/33 Waschanwendungen, (1WA=0,05/0,04)', 'punkte_deutschlandcard': '0', 'zusatztext': '*Nicht in allen Filialen erhaeltlich. Alle weiteren Informationen der Firma und Anschrift Ihres teilnehmenden EDEKA-Marktes finden Sie unter www.edeka.de/marktsuche oder unter der Telefonnummer 0800 724 28 55 (kostenfrei aus dem dt. Fest- und Mobilfunknetz). Alle Angebote g\u00c3\u00bcltig bis Samstag, 17.04.2021, KW 15. Wir haben uns f\u00c3\u00bcr diesen Zeitraum ausreichend bevorratet. Bitte entschuldigen Sie, wenn die Artikel auf Grund der gro\u00c3\u0178en Nachfrage dennoch im Einzelfall ausverkauft sein sollten. Abgabe in haushalts\u00c3\u00bcblichen Mengen. F\u00c3\u00bcr Darstellungsfehler \u00c3\u00bcbernehmen wir keine Haftung. EDEKA-Markt Minden-Hannover GmbH, Wittelsbacherallee 61, 32427 Minden.', 'bild_web90': 'https://offer-images.api.edeka/5ab06479-5abc-4717-b919-c5c36e25bbff_8001841321646.jpg', 'bild_web130': 'https://offer-images.api.edeka/e6433342-daa3-4a66-b200-8b0b5cd97437_8001841321646.jpg', 'bild_app': 'https://offer-images.api.edeka/33bf046a-f039-4eb2-9ee7-62ba5cd0dd0e_8001841321646.jpg', 'warengruppe': 'Drogerie', 'warengruppeid': 9, 'kriterien': None, 'sonderkennzeichen': None, 'zutaten': None, 'nachlass': None, 'genussplus': None, 'basicPrice': '1WA=0,05/0,04', 'national': False, 'gueltig_bis': 1618610400000}, {'angebotid': 3072454, 'externeid': None, 'titel': 'Licor 43', 'preis': 11.99, 'beschreibung': 'span. Lik\u00c3\u00b6r, versch. Sorten, 0,7l Flasche, (1l=17,13)', 'punkte_deutschlandcard': '0', 'zusatztext': '*Nicht in allen Filialen erhaeltlich. Alle weiteren Informationen der Firma und Anschrift Ihres teilnehmenden EDEKA-Marktes finden Sie unter www.edeka.de/marktsuche oder unter der Telefonnummer 0800 724 28 55 (kostenfrei aus dem dt. Fest- und Mobilfunknetz). Alle Angebote g\u00c3\u00bcltig bis Samstag, 17.04.2021, KW 15. Wir haben uns f\u00c3\u00bcr diesen Zeitraum ausreichend bevorratet. Bitte entschuldigen Sie, wenn die Artikel auf Grund der gro\u00c3\u0178en Nachfrage dennoch im Einzelfall ausverkauft sein sollten. Abgabe in haushalts\u00c3\u00bcblichen Mengen. F\u00c3\u00bcr Darstellungsfehler \u00c3\u00bcbernehmen wir keine Haftung. EDEKA-Markt Minden-Hannover GmbH, Wittelsbacherallee 61, 32427 Minden.', 'bild_web90': 'https://offer-images.api.edeka/8879a846-cf2b-427c-9a6d-76122dd2b828_8410221110150_VOR.jpg', 'bild_web130': 'https://offer-images.api.edeka/29ad5cff-50be-466f-9a9f-9f0a6b112701_8410221110150_VOR.jpg', 'bild_app': 'https://offer-images.api.edeka/41085389-b04b-4997-8d6e-07210329ce40_8410221110150_VOR.jpg', 'warengruppe': 'Getraenke', 'warengruppeid': 7, 'kriterien': None, 'sonderkennzeichen': None, 'zutaten': None, 'nachlass': None, 'genussplus': None, 'basicPrice': '1l=17,13', 'national': False, 'gueltig_bis': 1618610400000}, {'angebotid': 3072455, 'externeid': None, 'titel': 'Light Live Weine', 'preis': 2.49, 'beschreibung': 'versch. Sorten, 0,75l Flasche, (1l=3,32)', 'punkte_deutschlandcard': '0', 'zusatztext': '*Nicht in allen Filialen erhaeltlich. Alle weiteren Informationen der Firma und Anschrift Ihres teilnehmenden EDEKA-Marktes finden Sie unter www.edeka.de/marktsuche oder unter der Telefonnummer 0800 724 28 55 (kostenfrei aus dem dt. Fest- und Mobilfunknetz). Alle Angebote g\u00c3\u00bcltig bis Samstag, 17.04.2021, KW 15. Wir haben uns f\u00c3\u00bcr diesen Zeitraum ausreichend bevorratet. Bitte entschuldigen Sie, wenn die Artikel auf Grund der gro\u00c3\u0178en Nachfrage dennoch im Einzelfall ausverkauft sein sollten. Abgabe in haushalts\u00c3\u00bcblichen Mengen. F\u00c3\u00bcr Darstellungsfehler \u00c3\u00bcbernehmen wir keine Haftung. EDEKA-Markt Minden-Hannover GmbH, Wittelsbacherallee 61, 32427 Minden.', 'bild_web90': 'https://offer-images.api.edeka/d3ea8b6d-6b3d-428d-ad2d-5a88ba5c3574_light_live_weisswein_750ml.jpg', 'bild_web130': 'https://offer-images.api.edeka/9dc79c71-b0cd-47e2-b56a-2e560e387316_light_live_weisswein_750ml.jpg', 'bild_app': 'https://offer-images.api.edeka/e22881fe-f951-4a4c-9a4e-6e88370dd79f_light_live_weisswein_750ml.jpg', 'warengruppe': 'Getraenke', 'warengruppeid': 7, 'kriterien': None, 'sonderkennzeichen': None, 'zutaten': None, 'nachlass': None, 'genussplus': None, 'basicPrice': '1l=3,32', 'national': False, 'gueltig_bis': 1618610400000}, {'angebotid': 3072456, 'externeid': None, 'titel': 'Light Live', 'preis': 2.49, 'beschreibung': 'alkoholfrei, versch. Sorten, 0,75l Flasche, (1l=3,32)', 'punkte_deutschlandcard': '0', 'zusatztext': '*Nicht in allen Filialen erhaeltlich. Alle weiteren Informationen der Firma und Anschrift Ihres teilnehmenden EDEKA-Marktes finden Sie unter www.edeka.de/marktsuche oder unter der Telefonnummer 0800 724 28 55 (kostenfrei aus dem dt. Fest- und Mobilfunknetz). Alle Angebote g\u00c3\u00bcltig bis Samstag, 17.04.2021, KW 15. Wir haben uns f\u00c3\u00bcr diesen Zeitraum ausreichend bevorratet. Bitte entschuldigen Sie, wenn die Artikel auf Grund der gro\u00c3\u0178en Nachfrage dennoch im Einzelfall ausverkauft sein sollten. Abgabe in haushalts\u00c3\u00bcblichen Mengen. F\u00c3\u00bcr Darstellungsfehler \u00c3\u00bcbernehmen wir keine Haftung. EDEKA-Markt Minden-Hannover GmbH, Wittelsbacherallee 61, 32427 Minden.', 'bild_web90': 'https://offer-images.api.edeka/2564764b-41c3-4b80-9208-696c51425ef3_light_live_rose_750ml.jpg', 'bild_web130': 'https://offer-images.api.edeka/980dc348-f091-495c-b8d4-4f8a5f5aabed_light_live_rose_750ml.jpg', 'bild_app': 'https://offer-images.api.edeka/f8ce2719-a2f4-4926-aa14-7d654437dd9b_light_live_rose_750ml.jpg', 'warengruppe': 'Getraenke', 'warengruppeid': 7, 'kriterien': None, 'sonderkennzeichen': None, 'zutaten': None, 'nachlass': None, 'genussplus': None, 'basicPrice': '1l=3,32', 'national': False, 'gueltig_bis': 1618610400000}, {'angebotid': 3072457, 'externeid': None, 'titel': 'Little Lunch Bio-Suppen oder Bio-Eint\u00c3\u00b6pfe', 'preis': 2.49, 'beschreibung': 'versch. Sorten, 350ml Glas, (1l=7,11)', 'punkte_deutschlandcard': '0', 'zusatztext': '*Nicht in allen Filialen erhaeltlich. Alle weiteren Informationen der Firma und Anschrift Ihres teilnehmenden EDEKA-Marktes finden Sie unter www.edeka.de/marktsuche oder unter der Telefonnummer 0800 724 28 55 (kostenfrei aus dem dt. Fest- und Mobilfunknetz). Alle Angebote g\u00c3\u00bcltig bis Samstag, 17.04.2021, KW 15. Wir haben uns f\u00c3\u00bcr diesen Zeitraum ausreichend bevorratet. Bitte entschuldigen Sie, wenn die Artikel auf Grund der gro\u00c3\u0178en Nachfrage dennoch im Einzelfall ausverkauft sein sollten. Abgabe in haushalts\u00c3\u00bcblichen Mengen. F\u00c3\u00bcr Darstellungsfehler \u00c3\u00bcbernehmen wir keine Haftung. EDEKA-Markt Minden-Hannover GmbH, Wittelsbacherallee 61, 32427 Minden.', 'bild_web90': 'https://offer-images.api.edeka/c6dad4d5-6201-40f7-aa06-b6cd339e6043_4281003878001_VOR.jpg', 'bild_web130': 'https://offer-images.api.edeka/7e32b0d1-91a4-4cb8-8bc5-f14de099dea5_4281003878001_VOR.jpg', 'bild_app': 'https://offer-images.api.edeka/ddaa6e3e-a521-4366-922e-af46e78bd3be_4281003878001_VOR.jpg', 'warengruppe': 'Sonstiges', 'warengruppeid': 11, 'kriterien': None, 'sonderkennzeichen': None, 'zutaten': None, 'nachlass': None, 'genussplus': None, 'basicPrice': '1l=7,11', 'national': False, 'gueltig_bis': 1618610400000}, {'angebotid': 3072458, 'externeid': None, 'titel': 'Maggi Delikatess-Saucen', 'preis': 0.79, 'beschreibung': 'versch. Sorten, 2er Packung', 'punkte_deutschlandcard': '0', 'zusatztext': '*Nicht in allen Filialen erhaeltlich. Alle weiteren Informationen der Firma und Anschrift Ihres teilnehmenden EDEKA-Marktes finden Sie unter www.edeka.de/marktsuche oder unter der Telefonnummer 0800 724 28 55 (kostenfrei aus dem dt. Fest- und Mobilfunknetz). Alle Angebote g\u00c3\u00bcltig bis Samstag, 17.04.2021, KW 15. Wir haben uns f\u00c3\u00bcr diesen Zeitraum ausreichend bevorratet. Bitte entschuldigen Sie, wenn die Artikel auf Grund der gro\u00c3\u0178en Nachfrage dennoch im Einzelfall ausverkauft sein sollten. Abgabe in haushalts\u00c3\u00bcblichen Mengen. F\u00c3\u00bcr Darstellungsfehler \u00c3\u00bcbernehmen wir keine Haftung. EDEKA-Markt Minden-Hannover GmbH, Wittelsbacherallee 61, 32427 Minden.', 'bild_web90': 'https://offer-images.api.edeka/5d0a252c-4cac-486b-a509-a8fff443ea38_MI138200E_2F.jpg', 'bild_web130': 'https://offer-images.api.edeka/8808747d-8be1-4a5d-8cbc-e7c4b350f54c_MI138200E_2F.jpg', 'bild_app': 'https://offer-images.api.edeka/6f543d34-ec75-4e3d-a64b-55d0a2078a37_MI138200E_2F.jpg', 'warengruppe': 'Sonstiges', 'warengruppeid': 11, 'kriterien': None, 'sonderkennzeichen': None, 'zutaten': None, 'nachlass': None, 'genussplus': None, 'basicPrice': None, 'national': False, 'gueltig_bis': 1618610400000}, {'angebotid': 3072459, 'externeid': None, 'titel': 'Malibu', 'preis': 9.99, 'beschreibung': 'Caribbean White Rum with Coconut Flavour, 21% Vol., 0,7l Flasche, (1l=14,27)', 'punkte_deutschlandcard': '0', 'zusatztext': '*Nicht in allen Filialen erhaeltlich. Alle weiteren Informationen der Firma und Anschrift Ihres teilnehmenden EDEKA-Marktes finden Sie unter www.edeka.de/marktsuche oder unter der Telefonnummer 0800 724 28 55 (kostenfrei aus dem dt. Fest- und Mobilfunknetz). Alle Angebote g\u00c3\u00bcltig bis Samstag, 17.04.2021, KW 15. Wir haben uns f\u00c3\u00bcr diesen Zeitraum ausreichend bevorratet. Bitte entschuldigen Sie, wenn die Artikel auf Grund der gro\u00c3\u0178en Nachfrage dennoch im Einzelfall ausverkauft sein sollten. Abgabe in haushalts\u00c3\u00bcblichen Mengen. F\u00c3\u00bcr Darstellungsfehler \u00c3\u00bcbernehmen wir keine Haftung. EDEKA-Markt Minden-Hannover GmbH, Wittelsbacherallee 61, 32427 Minden.', 'bild_web90': 'https://offer-images.api.edeka/0b30a2cd-c33a-4790-9f16-59787216a008_4719750007gp_malibu_0_7l.jpg', 'bild_web130': 'https://offer-images.api.edeka/2ee0a021-8ca1-41ae-95df-7c031021f2fd_4719750007gp_malibu_0_7l.jpg', 'bild_app': 'https://offer-images.api.edeka/617837a5-dbe6-4ec5-a24c-c387b914c58f_4719750007gp_malibu_0_7l.jpg', 'warengruppe': 'Getraenke', 'warengruppeid': 7, 'kriterien': None, 'sonderkennzeichen': None, 'zutaten': None, 'nachlass': None, 'genussplus': None, 'basicPrice': '1l=14,27', 'national': False, 'gueltig_bis': 1618610400000}, {'angebotid': 3072460, 'externeid': None, 'titel': 'Meica Bratmaxe 8 + 1 gratis', 'preis': 4.49, 'beschreibung': 'Bratwurst, ideal f\u00c3\u00bcr Grill und Pfanne, 560g Packung, (1kg=8,02)', 'punkte_deutschlandcard': '0', 'zusatztext': '*Nicht in allen Filialen erhaeltlich. Alle weiteren Informationen der Firma und Anschrift Ihres teilnehmenden EDEKA-Marktes finden Sie unter www.edeka.de/marktsuche oder unter der Telefonnummer 0800 724 28 55 (kostenfrei aus dem dt. Fest- und Mobilfunknetz). Alle Angebote g\u00c3\u00bcltig bis Samstag, 17.04.2021, KW 15. Wir haben uns f\u00c3\u00bcr diesen Zeitraum ausreichend bevorratet. Bitte entschuldigen Sie, wenn die Artikel auf Grund der gro\u00c3\u0178en Nachfrage dennoch im Einzelfall ausverkauft sein sollten. Abgabe in haushalts\u00c3\u00bcblichen Mengen. F\u00c3\u00bcr Darstellungsfehler \u00c3\u00bcbernehmen wir keine Haftung. EDEKA-Markt Minden-Hannover GmbH, Wittelsbacherallee 61, 32427 Minden.', 'bild_web90': 'https://offer-images.api.edeka/da594cb2-ca0b-46a1-8ad5-09b0c38cf373_180205bm_8grosse1.jpg', 'bild_web130': 'https://offer-images.api.edeka/f70289d9-d09c-458f-9b73-fe6b4125ca2f_180205bm_8grosse1.jpg', 'bild_app': 'https://offer-images.api.edeka/f93d087b-d38e-4458-bcea-caa7829c86a7_180205bm_8grosse1.jpg', 'warengruppe': 'Fleisch & Wurst', 'warengruppeid': 1, 'kriterien': None, 'sonderkennzeichen': None, 'zutaten': None, 'nachlass': None, 'genussplus': None, 'basicPrice': '1kg=8,02', 'national': False, 'gueltig_bis': 1618610400000}, {'angebotid': 3072461, 'externeid': None, 'titel': 'Meica Deutschlaender', 'preis': 2.69, 'beschreibung': 'W\u00c3\u00bcrstchen bester deutscher Art, versch. Sorten, 660/670g Glas, (1kg=8,15/7,47)', 'punkte_deutschlandcard': '0', 'zusatztext': '*Nicht in allen Filialen erhaeltlich. Alle weiteren Informationen der Firma und Anschrift Ihres teilnehmenden EDEKA-Marktes finden Sie unter www.edeka.de/marktsuche oder unter der Telefonnummer 0800 724 28 55 (kostenfrei aus dem dt. Fest- und Mobilfunknetz). Alle Angebote g\u00c3\u00bcltig bis Samstag, 17.04.2021, KW 15. Wir haben uns f\u00c3\u00bcr diesen Zeitraum ausreichend bevorratet. Bitte entschuldigen Sie, wenn die Artikel auf Grund der gro\u00c3\u0178en Nachfrage dennoch im Einzelfall ausverkauft sein sollten. Abgabe in haushalts\u00c3\u00bcblichen Mengen. F\u00c3\u00bcr Darstellungsfehler \u00c3\u00bcbernehmen wir keine Haftung. EDEKA-Markt Minden-Hannover GmbH, Wittelsbacherallee 61, 32427 Minden.', 'bild_web90': 'https://offer-images.api.edeka/785dbae9-319c-43b8-87e3-39eab12b6330_119205_6_Deutschl_10_25_33.jpg', 'bild_web130': 'https://offer-images.api.edeka/115dcefc-9fcc-49c3-b67d-01d351c94a9d_119205_6_Deutschl_10_25_33.jpg', 'bild_app': 'https://offer-images.api.edeka/a3fc623b-79e7-4196-bd61-db4d4deb4edd_119205_6_Deutschl_10_25_33.jpg', 'warengruppe': 'Fleisch & Wurst', 'warengruppeid': 1, 'kriterien': None, 'sonderkennzeichen': None, 'zutaten': None, 'nachlass': None, 'genussplus': None, 'basicPrice': '1kg=8,15/7,47', 'national': False, 'gueltig_bis': 1618610400000}, {'angebotid': 3072462, 'externeid': None, 'titel': 'Milka Pralinen oder Hauchzarte Herzen', 'preis': 1.11, 'beschreibung': 'versch. Sorten, 110/130g Packung, (100g=1,01/0,85)', 'punkte_deutschlandcard': '0', 'zusatztext': '*Nicht in allen Filialen erhaeltlich. Alle weiteren Informationen der Firma und Anschrift Ihres teilnehmenden EDEKA-Marktes finden Sie unter www.edeka.de/marktsuche oder unter der Telefonnummer 0800 724 28 55 (kostenfrei aus dem dt. Fest- und Mobilfunknetz). Alle Angebote g\u00c3\u00bcltig bis Samstag, 17.04.2021, KW 15. Wir haben uns f\u00c3\u00bcr diesen Zeitraum ausreichend bevorratet. Bitte entschuldigen Sie, wenn die Artikel auf Grund der gro\u00c3\u0178en Nachfrage dennoch im Einzelfall ausverkauft sein sollten. Abgabe in haushalts\u00c3\u00bcblichen Mengen. F\u00c3\u00bcr Darstellungsfehler \u00c3\u00bcbernehmen wir keine Haftung. EDEKA-Markt Minden-Hannover GmbH, Wittelsbacherallee 61, 32427 Minden.', 'bild_web90': 'https://offer-images.api.edeka/b5d9009f-3f24-4f49-aa39-f2435e66a79e_7622210597915_PER.jpg', 'bild_web130': 'https://offer-images.api.edeka/df08c40d-71b2-4c12-839f-c3c17eb105a2_7622210597915_PER.jpg', 'bild_app': 'https://offer-images.api.edeka/99530070-e5b4-4644-8266-3a6084847135_7622210597915_PER.jpg', 'warengruppe': 'Knabbern & Naschen', 'warengruppeid': 10, 'kriterien': None, 'sonderkennzeichen': None, 'zutaten': None, 'nachlass': None, 'genussplus': None, 'basicPrice': '100g=1,01/0,85', 'national': False, 'gueltig_bis': 1618610400000}, {'angebotid': 3072463, 'externeid': None, 'titel': 'Miracel Whip', 'preis': 1.29, 'beschreibung': 'versch. Sorten, 500ml Glas, (1l=2,58)', 'punkte_deutschlandcard': '0', 'zusatztext': '*Nicht in allen Filialen erhaeltlich. Alle weiteren Informationen der Firma und Anschrift Ihres teilnehmenden EDEKA-Marktes finden Sie unter www.edeka.de/marktsuche oder unter der Telefonnummer 0800 724 28 55 (kostenfrei aus dem dt. Fest- und Mobilfunknetz). Alle Angebote g\u00c3\u00bcltig bis Samstag, 17.04.2021, KW 15. Wir haben uns f\u00c3\u00bcr diesen Zeitraum ausreichend bevorratet. Bitte entschuldigen Sie, wenn die Artikel auf Grund der gro\u00c3\u0178en Nachfrage dennoch im Einzelfall ausverkauft sein sollten. Abgabe in haushalts\u00c3\u00bcblichen Mengen. F\u00c3\u00bcr Darstellungsfehler \u00c3\u00bcbernehmen wir keine Haftung. EDEKA-Markt Minden-Hannover GmbH, Wittelsbacherallee 61, 32427 Minden.', 'bild_web90': 'https://offer-images.api.edeka/1427b6f3-387f-43a5-9d69-9c437fbf5f62_4000339057825_VOR.jpg', 'bild_web130': 'https://offer-images.api.edeka/eb291ecb-b433-4bdd-8d0c-008969e28fb7_4000339057825_VOR.jpg', 'bild_app': 'https://offer-images.api.edeka/a9bad6ae-69f1-4e7c-b679-cf9153ba7eae_4000339057825_VOR.jpg', 'warengruppe': 'Sonstiges', 'warengruppeid': 11, 'kriterien': None, 'sonderkennzeichen': None, 'zutaten': None, 'nachlass': None, 'genussplus': None, 'basicPrice': '1l=2,58', 'national': False, 'gueltig_bis': 1618610400000}, {'angebotid': 3072464, 'externeid': None, 'titel': 'Mondamin So\u00c3\u0178enbinder oder Mehlschwitze', 'preis': 0.99, 'beschreibung': 'hell oder dunkel, 250g Packung, (100g=0,40)', 'punkte_deutschlandcard': '0', 'zusatztext': '*Nicht in allen Filialen erhaeltlich. Alle weiteren Informationen der Firma und Anschrift Ihres teilnehmenden EDEKA-Marktes finden Sie unter www.edeka.de/marktsuche oder unter der Telefonnummer 0800 724 28 55 (kostenfrei aus dem dt. Fest- und Mobilfunknetz). Alle Angebote g\u00c3\u00bcltig bis Samstag, 17.04.2021, KW 15. Wir haben uns f\u00c3\u00bcr diesen Zeitraum ausreichend bevorratet. Bitte entschuldigen Sie, wenn die Artikel auf Grund der gro\u00c3\u0178en Nachfrage dennoch im Einzelfall ausverkauft sein sollten. Abgabe in haushalts\u00c3\u00bcblichen Mengen. F\u00c3\u00bcr Darstellungsfehler \u00c3\u00bcbernehmen wir keine Haftung. EDEKA-Markt Minden-Hannover GmbH, Wittelsbacherallee 61, 32427 Minden.', 'bild_web90': 'https://offer-images.api.edeka/378f0c54-5960-4e9e-9a22-3373bf233f48_4046800110125_PER.jpg', 'bild_web130': 'https://offer-images.api.edeka/448ab491-7c76-4005-a7fb-05fd3f242689_4046800110125_PER.jpg', 'bild_app': 'https://offer-images.api.edeka/41414788-cdd6-4538-a915-cc86d697971e_4046800110125_PER.jpg', 'warengruppe': 'Grundnahrung', 'warengruppeid': 6, 'kriterien': None, 'sonderkennzeichen': None, 'zutaten': None, 'nachlass': None, 'genussplus': None, 'basicPrice': '100g=0,40', 'national': False, 'gueltig_bis': 1618610400000}, {'angebotid': 3072465, 'externeid': None, 'titel': 'Mumm Sekt', 'preis': 3.79, 'beschreibung': 'versch. Sorten, 0,75l Flasche, (1l=5,05)', 'punkte_deutschlandcard': '0', 'zusatztext': '*Nicht in allen Filialen erhaeltlich. Alle weiteren Informationen der Firma und Anschrift Ihres teilnehmenden EDEKA-Marktes finden Sie unter www.edeka.de/marktsuche oder unter der Telefonnummer 0800 724 28 55 (kostenfrei aus dem dt. Fest- und Mobilfunknetz). Alle Angebote g\u00c3\u00bcltig bis Samstag, 17.04.2021, KW 15. Wir haben uns f\u00c3\u00bcr diesen Zeitraum ausreichend bevorratet. Bitte entschuldigen Sie, wenn die Artikel auf Grund der gro\u00c3\u0178en Nachfrage dennoch im Einzelfall ausverkauft sein sollten. Abgabe in haushalts\u00c3\u00bcblichen Mengen. F\u00c3\u00bcr Darstellungsfehler \u00c3\u00bcbernehmen wir keine Haftung. EDEKA-Markt Minden-Hannover GmbH, Wittelsbacherallee 61, 32427 Minden.', 'bild_web90': 'https://offer-images.api.edeka/5b2626c7-ab80-49dc-9ebc-bdddf273f5a0_4011900510106_VOR.jpg', 'bild_web130': 'https://offer-images.api.edeka/86ed2baa-1a71-4553-867d-5b095b5b1203_4011900510106_VOR.jpg', 'bild_app': 'https://offer-images.api.edeka/b68a402f-b422-4567-a45c-592d6ad62058_4011900510106_VOR.jpg', 'warengruppe': 'Getraenke', 'warengruppeid': 7, 'kriterien': None, 'sonderkennzeichen': None, 'zutaten': None, 'nachlass': None, 'genussplus': None, 'basicPrice': '1l=5,05', 'national': False, 'gueltig_bis': 1618610400000}, {'angebotid': 3072466, 'externeid': None, 'titel': 'Mylos Kritharaki', 'preis': 0.69, 'beschreibung': 'griechische Teigwaren aus 100% Hartweizengrie\u00c3\u0178, 500g Beutel, (1kg=1,38)', 'punkte_deutschlandcard': '0', 'zusatztext': '*Nicht in allen Filialen erhaeltlich. Alle weiteren Informationen der Firma und Anschrift Ihres teilnehmenden EDEKA-Marktes finden Sie unter www.edeka.de/marktsuche oder unter der Telefonnummer 0800 724 28 55 (kostenfrei aus dem dt. Fest- und Mobilfunknetz). Alle Angebote g\u00c3\u00bcltig bis Samstag, 17.04.2021, KW 15. Wir haben uns f\u00c3\u00bcr diesen Zeitraum ausreichend bevorratet. Bitte entschuldigen Sie, wenn die Artikel auf Grund der gro\u00c3\u0178en Nachfrage dennoch im Einzelfall ausverkauft sein sollten. Abgabe in haushalts\u00c3\u00bcblichen Mengen. F\u00c3\u00bcr Darstellungsfehler \u00c3\u00bcbernehmen wir keine Haftung. EDEKA-Markt Minden-Hannover GmbH, Wittelsbacherallee 61, 32427 Minden.', 'bild_web90': 'https://offer-images.api.edeka/aae63faa-a799-43d2-9df4-e7cd788ac50c_4260122510405_PER.jpg', 'bild_web130': 'https://offer-images.api.edeka/ccdfa709-f742-453a-8493-1ce2a35e605b_4260122510405_PER.jpg', 'bild_app': 'https://offer-images.api.edeka/a69bf6e6-96a2-4446-bd76-71fce1dedc15_4260122510405_PER.jpg', 'warengruppe': 'Sonstiges', 'warengruppeid': 11, 'kriterien': None, 'sonderkennzeichen': None, 'zutaten': None, 'nachlass': None, 'genussplus': None, 'basicPrice': '1kg=1,38', 'national': False, 'gueltig_bis': 1618610400000}, {'angebotid': 3072467, 'externeid': None, 'titel': 'Nescaf\u00c3\u00a9 Dolce Gusto', 'preis': 3.49, 'beschreibung': 'Kaffeespezialitaeten, versch. Sorten, z.B. Caffe Cr. Grande 128g, Latte Macchiato 183,2g, Bio-Mexico-Grande 108g, Packung, (100g=2,73/2,18/3,23)', 'punkte_deutschlandcard': '0', 'zusatztext': '*Nicht in allen Filialen erhaeltlich. Alle weiteren Informationen der Firma und Anschrift Ihres teilnehmenden EDEKA-Marktes finden Sie unter www.edeka.de/marktsuche oder unter der Telefonnummer 0800 724 28 55 (kostenfrei aus dem dt. Fest- und Mobilfunknetz). Alle Angebote g\u00c3\u00bcltig bis Samstag, 17.04.2021, KW 15. Wir haben uns f\u00c3\u00bcr diesen Zeitraum ausreichend bevorratet. Bitte entschuldigen Sie, wenn die Artikel auf Grund der gro\u00c3\u0178en Nachfrage dennoch im Einzelfall ausverkauft sein sollten. Abgabe in haushalts\u00c3\u00bcblichen Mengen. F\u00c3\u00bcr Darstellungsfehler \u00c3\u00bcbernehmen wir keine Haftung. EDEKA-Markt Minden-Hannover GmbH, Wittelsbacherallee 61, 32427 Minden.', 'bild_web90': 'https://offer-images.api.edeka/eaa61113-8b7a-40f9-b45c-80a9ebb96a1f_7613036639682_VOR.jpg', 'bild_web130': 'https://offer-images.api.edeka/1a566e58-9f25-4a17-9127-8580dc052cf5_7613036639682_VOR.jpg', 'bild_app': 'https://offer-images.api.edeka/fc160079-4e0d-407f-b58f-03a55ad54a88_7613036639682_VOR.jpg', 'warengruppe': 'Sonstiges', 'warengruppeid': 11, 'kriterien': None, 'sonderkennzeichen': None, 'zutaten': None, 'nachlass': None, 'genussplus': None, 'basicPrice': '100g=2,73/2,18/3,23', 'national': False, 'gueltig_bis': 1618610400000}, {'angebotid': 3072468, 'externeid': None, 'titel': 'Nestl\u00c3\u00a9 After Eight', 'preis': 1.11, 'beschreibung': 'Schokoladen-Taefelchen mit Pfefferminzcremef\u00c3\u00bcllung, 200g Packung, (100g=0,56)', 'punkte_deutschlandcard': '0', 'zusatztext': '*Nicht in allen Filialen erhaeltlich. Alle weiteren Informationen der Firma und Anschrift Ihres teilnehmenden EDEKA-Marktes finden Sie unter www.edeka.de/marktsuche oder unter der Telefonnummer 0800 724 28 55 (kostenfrei aus dem dt. Fest- und Mobilfunknetz). Alle Angebote g\u00c3\u00bcltig bis Samstag, 17.04.2021, KW 15. Wir haben uns f\u00c3\u00bcr diesen Zeitraum ausreichend bevorratet. Bitte entschuldigen Sie, wenn die Artikel auf Grund der gro\u00c3\u0178en Nachfrage dennoch im Einzelfall ausverkauft sein sollten. Abgabe in haushalts\u00c3\u00bcblichen Mengen. F\u00c3\u00bcr Darstellungsfehler \u00c3\u00bcbernehmen wir keine Haftung. EDEKA-Markt Minden-Hannover GmbH, Wittelsbacherallee 61, 32427 Minden.', 'bild_web90': 'https://offer-images.api.edeka/a583d307-67d0-4690-9004-1225d33a8c8b_012410738E_12F.jpg', 'bild_web130': 'https://offer-images.api.edeka/49f18ec8-0c2b-42ea-be6c-fd109e786924_012410738E_12F.jpg', 'bild_app': 'https://offer-images.api.edeka/241a53c2-8a85-4973-93ca-17b2287fee41_012410738E_12F.jpg', 'warengruppe': 'Knabbern & Naschen', 'warengruppeid': 10, 'kriterien': None, 'sonderkennzeichen': None, 'zutaten': None, 'nachlass': None, 'genussplus': None, 'basicPrice': '100g=0,56', 'national': False, 'gueltig_bis': 1618610400000}, {'angebotid': 3072469, 'externeid': None, 'titel': 'Nestl\u00c3\u00a9 Choclait Chips oder Choco Crossies', 'preis': 1.11, 'beschreibung': 'versch. Sorten, 115/150g Packung, (100g=0,97/0,74)', 'punkte_deutschlandcard': '0', 'zusatztext': '*Nicht in allen Filialen erhaeltlich. Alle weiteren Informationen der Firma und Anschrift Ihres teilnehmenden EDEKA-Marktes finden Sie unter www.edeka.de/marktsuche oder unter der Telefonnummer 0800 724 28 55 (kostenfrei aus dem dt. Fest- und Mobilfunknetz). Alle Angebote g\u00c3\u00bcltig bis Samstag, 17.04.2021, KW 15. Wir haben uns f\u00c3\u00bcr diesen Zeitraum ausreichend bevorratet. Bitte entschuldigen Sie, wenn die Artikel auf Grund der gro\u00c3\u0178en Nachfrage dennoch im Einzelfall ausverkauft sein sollten. Abgabe in haushalts\u00c3\u00bcblichen Mengen. F\u00c3\u00bcr Darstellungsfehler \u00c3\u00bcbernehmen wir keine Haftung. EDEKA-Markt Minden-Hannover GmbH, Wittelsbacherallee 61, 32427 Minden.', 'bild_web90': 'https://offer-images.api.edeka/170e147f-82bd-464f-aca4-c2e7e1ac52cd_7613039891216_VOR.jpg', 'bild_web130': 'https://offer-images.api.edeka/f8f5bf54-b3d7-47df-a5ef-8901eb207c52_7613039891216_VOR.jpg', 'bild_app': 'https://offer-images.api.edeka/a695c7ed-1c99-4749-96be-8194ea823cd7_7613039891216_VOR.jpg', 'warengruppe': 'Knabbern & Naschen', 'warengruppeid': 10, 'kriterien': None, 'sonderkennzeichen': None, 'zutaten': None, 'nachlass': None, 'genussplus': None, 'basicPrice': '100g=0,97/0,74', 'national': False, 'gueltig_bis': 1618610400000}, {'angebotid': 3072470, 'externeid': None, 'titel': 'Oettinger Fassbrause', 'preis': 2.29, 'beschreibung': 'versch. Sorten, alkoholfrei, + 0,48 Pfand, 6x0,33l Flasche, (1l=1,16)', 'punkte_deutschlandcard': '0', 'zusatztext': '*Nicht in allen Filialen erhaeltlich. Alle weiteren Informationen der Firma und Anschrift Ihres teilnehmenden EDEKA-Marktes finden Sie unter www.edeka.de/marktsuche oder unter der Telefonnummer 0800 724 28 55 (kostenfrei aus dem dt. Fest- und Mobilfunknetz). Alle Angebote g\u00c3\u00bcltig bis Samstag, 17.04.2021, KW 15. Wir haben uns f\u00c3\u00bcr diesen Zeitraum ausreichend bevorratet. Bitte entschuldigen Sie, wenn die Artikel auf Grund der gro\u00c3\u0178en Nachfrage dennoch im Einzelfall ausverkauft sein sollten. Abgabe in haushalts\u00c3\u00bcblichen Mengen. F\u00c3\u00bcr Darstellungsfehler \u00c3\u00bcbernehmen wir keine Haftung. EDEKA-Markt Minden-Hannover GmbH, Wittelsbacherallee 61, 32427 Minden.', 'bild_web90': 'https://offer-images.api.edeka/169411e3-4a2c-4ee8-bee4-684081d0f366_4014086611568.jpg', 'bild_web130': 'https://offer-images.api.edeka/236f49e8-573c-4c8b-a47b-85baa97519b6_4014086611568.jpg', 'bild_app': 'https://offer-images.api.edeka/bfd8305e-93f3-477e-9fd6-79cbd53bda8a_4014086611568.jpg', 'warengruppe': 'Getraenke', 'warengruppeid': 7, 'kriterien': None, 'sonderkennzeichen': None, 'zutaten': None, 'nachlass': None, 'genussplus': None, 'basicPrice': '1l=1,16', 'national': False, 'gueltig_bis': 1618610400000}, {'angebotid': 3072471, 'externeid': None, 'titel': 'Oettinger Wei\u00c3\u0178bier', 'preis': 7.99, 'beschreibung': 'versch. Sorten, + 3,10 Pfand, 20x0,5l Flasche, (1l=0,80)', 'punkte_deutschlandcard': '0', 'zusatztext': '*Nicht in allen Filialen erhaeltlich. Alle weiteren Informationen der Firma und Anschrift Ihres teilnehmenden EDEKA-Marktes finden Sie unter www.edeka.de/marktsuche oder unter der Telefonnummer 0800 724 28 55 (kostenfrei aus dem dt. Fest- und Mobilfunknetz). Alle Angebote g\u00c3\u00bcltig bis Samstag, 17.04.2021, KW 15. Wir haben uns f\u00c3\u00bcr diesen Zeitraum ausreichend bevorratet. Bitte entschuldigen Sie, wenn die Artikel auf Grund der gro\u00c3\u0178en Nachfrage dennoch im Einzelfall ausverkauft sein sollten. Abgabe in haushalts\u00c3\u00bcblichen Mengen. F\u00c3\u00bcr Darstellungsfehler \u00c3\u00bcbernehmen wir keine Haftung. EDEKA-Markt Minden-Hannover GmbH, Wittelsbacherallee 61, 32427 Minden.', 'bild_web90': 'https://offer-images.api.edeka/f321a432-ac84-4ccc-a273-bcd5dd1f677a_4014086910128_VOR.jpg', 'bild_web130': 'https://offer-images.api.edeka/a0b7ab8b-a0eb-46ec-b5f1-ea313a760930_4014086910128_VOR.jpg', 'bild_app': 'https://offer-images.api.edeka/897f0037-5174-4e6a-9adf-a8b3ba0a47b0_4014086910128_VOR.jpg', 'warengruppe': 'Getraenke', 'warengruppeid': 7, 'kriterien': None, 'sonderkennzeichen': None, 'zutaten': None, 'nachlass': None, 'genussplus': None, 'basicPrice': '1l=0,80', 'national': False, 'gueltig_bis': 1618610400000}, {'angebotid': 3072472, 'externeid': None, 'titel': 'Oreo Donut', 'preis': 0.59, 'beschreibung': 'mit dunklem Kakaoteig, gef\u00c3\u00bcllt mit Vanillecreme, dekoriert mit Oreo-Keksst\u00c3\u00bcckchen, St\u00c3\u00bcck', 'punkte_deutschlandcard': '0', 'zusatztext': '*Nicht in allen Filialen erhaeltlich. Alle weiteren Informationen der Firma und Anschrift Ihres teilnehmenden EDEKA-Marktes finden Sie unter www.edeka.de/marktsuche oder unter der Telefonnummer 0800 724 28 55 (kostenfrei aus dem dt. Fest- und Mobilfunknetz). Alle Angebote g\u00c3\u00bcltig bis Samstag, 17.04.2021, KW 15. Wir haben uns f\u00c3\u00bcr diesen Zeitraum ausreichend bevorratet. Bitte entschuldigen Sie, wenn die Artikel auf Grund der gro\u00c3\u0178en Nachfrage dennoch im Einzelfall ausverkauft sein sollten. Abgabe in haushalts\u00c3\u00bcblichen Mengen. F\u00c3\u00bcr Darstellungsfehler \u00c3\u00bcbernehmen wir keine Haftung. EDEKA-Markt Minden-Hannover GmbH, Wittelsbacherallee 61, 32427 Minden.', 'bild_web90': 'https://offer-images.api.edeka/a976f047-bd51-4184-b796-4faba6526958_32953.jpg', 'bild_web130': 'https://offer-images.api.edeka/7809721c-1250-47be-906a-d2b7f5d7626f_32953.jpg', 'bild_app': 'https://offer-images.api.edeka/6654be48-6fef-4f51-a774-5e3e9533c811_32953.jpg', 'warengruppe': 'Sonstiges', 'warengruppeid': 11, 'kriterien': None, 'sonderkennzeichen': None, 'zutaten': None, 'nachlass': None, 'genussplus': None, 'basicPrice': None, 'national': False, 'gueltig_bis': 1618610400000}, {'angebotid': 3072474, 'externeid': None, 'titel': 'Pampers Baby Dry', 'preis': 19.99, 'beschreibung': 'versch. Gr\u00c3\u00b6\u00c3\u0178en, z.B.: Gr\u00c3\u00b6\u00c3\u0178e 5 Junior 94er, Aktion: Beim Kauf von 2 Pampers 3er-Packs mit Couponeinsatz je Packung 15,99, 3er Packung', 'punkte_deutschlandcard': '0', 'zusatztext': '*Nicht in allen Filialen erhaeltlich. Alle weiteren Informationen der Firma und Anschrift Ihres teilnehmenden EDEKA-Marktes finden Sie unter www.edeka.de/marktsuche oder unter der Telefonnummer 0800 724 28 55 (kostenfrei aus dem dt. Fest- und Mobilfunknetz). Alle Angebote g\u00c3\u00bcltig bis Samstag, 17.04.2021, KW 15. Wir haben uns f\u00c3\u00bcr diesen Zeitraum ausreichend bevorratet. Bitte entschuldigen Sie, wenn die Artikel auf Grund der gro\u00c3\u0178en Nachfrage dennoch im Einzelfall ausverkauft sein sollten. Abgabe in haushalts\u00c3\u00bcblichen Mengen. F\u00c3\u00bcr Darstellungsfehler \u00c3\u00bcbernehmen wir keine Haftung. EDEKA-Markt Minden-Hannover GmbH, Wittelsbacherallee 61, 32427 Minden.', 'bild_web90': 'https://offer-images.api.edeka/9e9d3609-7313-472f-b1e2-ab2c7bcd1702_8001841498348_VOR.jpg', 'bild_web130': 'https://offer-images.api.edeka/a57ca252-f46b-441a-b416-8e3ce001a561_8001841498348_VOR.jpg', 'bild_app': 'https://offer-images.api.edeka/d374990f-36f7-432b-bbb1-849ea74b03a5_8001841498348_VOR.jpg', 'warengruppe': 'Drogerie', 'warengruppeid': 9, 'kriterien': None, 'sonderkennzeichen': None, 'zutaten': None, 'nachlass': None, 'genussplus': None, 'basicPrice': None, 'national': False, 'gueltig_bis': 1618610400000}, {'angebotid': 3072475, 'externeid': None, 'titel': 'Pedigree', 'preis': 1.11, 'beschreibung': 'Alleinfuttermittel f\u00c3\u00bcr ausgewachsene Hunde, versch. Sorten, 800g Dose, (1kg=1,39)', 'punkte_deutschlandcard': '0', 'zusatztext': '*Nicht in allen Filialen erhaeltlich. Alle weiteren Informationen der Firma und Anschrift Ihres teilnehmenden EDEKA-Marktes finden Sie unter www.edeka.de/marktsuche oder unter der Telefonnummer 0800 724 28 55 (kostenfrei aus dem dt. Fest- und Mobilfunknetz). Alle Angebote g\u00c3\u00bcltig bis Samstag, 17.04.2021, KW 15. Wir haben uns f\u00c3\u00bcr diesen Zeitraum ausreichend bevorratet. Bitte entschuldigen Sie, wenn die Artikel auf Grund der gro\u00c3\u0178en Nachfrage dennoch im Einzelfall ausverkauft sein sollten. Abgabe in haushalts\u00c3\u00bcblichen Mengen. F\u00c3\u00bcr Darstellungsfehler \u00c3\u00bcbernehmen wir keine Haftung. EDEKA-Markt Minden-Hannover GmbH, Wittelsbacherallee 61, 32427 Minden.', 'bild_web90': 'https://offer-images.api.edeka/3f9dec03-598a-4b39-902b-8f1d7cbf97de_4008429055973_VOR.jpg', 'bild_web130': 'https://offer-images.api.edeka/0d2fedfd-8367-4c77-88c3-188f8e8f7463_4008429055973_VOR.jpg', 'bild_app': 'https://offer-images.api.edeka/6adbdcee-0986-480a-824d-299effef6252_4008429055973_VOR.jpg', 'warengruppe': 'Tiernahrung', 'warengruppeid': 12, 'kriterien': None, 'sonderkennzeichen': None, 'zutaten': None, 'nachlass': None, 'genussplus': None, 'basicPrice': '1kg=1,39', 'national': False, 'gueltig_bis': 1618610400000}, {'angebotid': 3072476, 'externeid': None, 'titel': 'Pfalz Hauswein', 'preis': 2.49, 'beschreibung': 'versch. Sorten, 1l Flasche', 'punkte_deutschlandcard': '0', 'zusatztext': '*Nicht in allen Filialen erhaeltlich. Alle weiteren Informationen der Firma und Anschrift Ihres teilnehmenden EDEKA-Marktes finden Sie unter www.edeka.de/marktsuche oder unter der Telefonnummer 0800 724 28 55 (kostenfrei aus dem dt. Fest- und Mobilfunknetz). Alle Angebote g\u00c3\u00bcltig bis Samstag, 17.04.2021, KW 15. Wir haben uns f\u00c3\u00bcr diesen Zeitraum ausreichend bevorratet. Bitte entschuldigen Sie, wenn die Artikel auf Grund der gro\u00c3\u0178en Nachfrage dennoch im Einzelfall ausverkauft sein sollten. Abgabe in haushalts\u00c3\u00bcblichen Mengen. F\u00c3\u00bcr Darstellungsfehler \u00c3\u00bcbernehmen wir keine Haftung. EDEKA-Markt Minden-Hannover GmbH, Wittelsbacherallee 61, 32427 Minden.', 'bild_web90': 'https://offer-images.api.edeka/ce9fd60b-6a3d-4ae3-8206-c95b775ff3e6_4311605493675_PER.jpg', 'bild_web130': 'https://offer-images.api.edeka/bdd521a6-1586-40c2-b0bf-7c71ac75a979_4311605493675_PER.jpg', 'bild_app': 'https://offer-images.api.edeka/974ea831-62c5-4874-84d4-89fbf49237f3_4311605493675_PER.jpg', 'warengruppe': 'Getraenke', 'warengruppeid': 7, 'kriterien': None, 'sonderkennzeichen': None, 'zutaten': None, 'nachlass': None, 'genussplus': None, 'basicPrice': None, 'national': False, 'gueltig_bis': 1618610400000}, {'angebotid': 3072477, 'externeid': None, 'titel': 'Pfalz Michel Schneider Weine', 'preis': 2.99, 'beschreibung': 'versch. Sorten, 0,75l Flasche, (1l=3,99)', 'punkte_deutschlandcard': '0', 'zusatztext': '*Nicht in allen Filialen erhaeltlich. Alle weiteren Informationen der Firma und Anschrift Ihres teilnehmenden EDEKA-Marktes finden Sie unter www.edeka.de/marktsuche oder unter der Telefonnummer 0800 724 28 55 (kostenfrei aus dem dt. Fest- und Mobilfunknetz). Alle Angebote g\u00c3\u00bcltig bis Samstag, 17.04.2021, KW 15. Wir haben uns f\u00c3\u00bcr diesen Zeitraum ausreichend bevorratet. Bitte entschuldigen Sie, wenn die Artikel auf Grund der gro\u00c3\u0178en Nachfrage dennoch im Einzelfall ausverkauft sein sollten. Abgabe in haushalts\u00c3\u00bcblichen Mengen. F\u00c3\u00bcr Darstellungsfehler \u00c3\u00bcbernehmen wir keine Haftung. EDEKA-Markt Minden-Hannover GmbH, Wittelsbacherallee 61, 32427 Minden.', 'bild_web90': 'https://offer-images.api.edeka/c872e56a-fd29-45e6-ada9-bc43c761e0b2_4006542071955_VOR.jpg', 'bild_web130': 'https://offer-images.api.edeka/593d7d87-fc25-4720-9c22-55e16f128380_4006542071955_VOR.jpg', 'bild_app': 'https://offer-images.api.edeka/9b35503e-f75b-46b1-b7d6-5bee796f717a_4006542071955_VOR.jpg', 'warengruppe': 'Getraenke', 'warengruppeid': 7, 'kriterien': None, 'sonderkennzeichen': None, 'zutaten': None, 'nachlass': None, 'genussplus': None, 'basicPrice': '1l=3,99', 'national': False, 'gueltig_bis': 1618610400000}, {'angebotid': 3072478, 'externeid': None, 'titel': 'Puschkin', 'preis': 5.79, 'beschreibung': 'versch. Sorten, 0,7l Flasche, (1l=8,27)', 'punkte_deutschlandcard': '0', 'zusatztext': '*Nicht in allen Filialen erhaeltlich. Alle weiteren Informationen der Firma und Anschrift Ihres teilnehmenden EDEKA-Marktes finden Sie unter www.edeka.de/marktsuche oder unter der Telefonnummer 0800 724 28 55 (kostenfrei aus dem dt. Fest- und Mobilfunknetz). Alle Angebote g\u00c3\u00bcltig bis Samstag, 17.04.2021, KW 15. Wir haben uns f\u00c3\u00bcr diesen Zeitraum ausreichend bevorratet. Bitte entschuldigen Sie, wenn die Artikel auf Grund der gro\u00c3\u0178en Nachfrage dennoch im Einzelfall ausverkauft sein sollten. Abgabe in haushalts\u00c3\u00bcblichen Mengen. F\u00c3\u00bcr Darstellungsfehler \u00c3\u00bcbernehmen wir keine Haftung. EDEKA-Markt Minden-Hannover GmbH, Wittelsbacherallee 61, 32427 Minden.', 'bild_web90': 'https://offer-images.api.edeka/2b2ea1ce-3634-4a8e-95b4-260de8880a8b_119020.jpg', 'bild_web130': 'https://offer-images.api.edeka/a43380ca-a292-47e8-bfe1-9123024d53a8_119020.jpg', 'bild_app': 'https://offer-images.api.edeka/32bfe5ea-01be-418a-be09-1524fb3d3d23_119020.jpg', 'warengruppe': 'Getraenke', 'warengruppeid': 7, 'kriterien': None, 'sonderkennzeichen': None, 'zutaten': None, 'nachlass': None, 'genussplus': None, 'basicPrice': '1l=8,27', 'national': False, 'gueltig_bis': 1618610400000}, {'angebotid': 3072479, 'externeid': None, 'titel': 'Red Bull Energy-Drink', 'preis': 0.99, 'beschreibung': 'taurin- und koffeinhaltig, versch. Sorten, + 0,25 Pfand, 250ml DPG-Dose, (100ml=0,40)', 'punkte_deutschlandcard': '0', 'zusatztext': '*Nicht in allen Filialen erhaeltlich. Alle weiteren Informationen der Firma und Anschrift Ihres teilnehmenden EDEKA-Marktes finden Sie unter www.edeka.de/marktsuche oder unter der Telefonnummer 0800 724 28 55 (kostenfrei aus dem dt. Fest- und Mobilfunknetz). Alle Angebote g\u00c3\u00bcltig bis Samstag, 17.04.2021, KW 15. Wir haben uns f\u00c3\u00bcr diesen Zeitraum ausreichend bevorratet. Bitte entschuldigen Sie, wenn die Artikel auf Grund der gro\u00c3\u0178en Nachfrage dennoch im Einzelfall ausverkauft sein sollten. Abgabe in haushalts\u00c3\u00bcblichen Mengen. F\u00c3\u00bcr Darstellungsfehler \u00c3\u00bcbernehmen wir keine Haftung. EDEKA-Markt Minden-Hannover GmbH, Wittelsbacherallee 61, 32427 Minden.', 'bild_web90': 'https://offer-images.api.edeka/832e93d6-603c-4769-956c-820c97b1257c_90162565_VOR.jpg', 'bild_web130': 'https://offer-images.api.edeka/d1037fff-426d-4d88-937f-144e5c5d2901_90162565_VOR.jpg', 'bild_app': 'https://offer-images.api.edeka/ac5ee9da-ea25-4ff5-9ca7-8d813d892c16_90162565_VOR.jpg', 'warengruppe': 'Getraenke', 'warengruppeid': 7, 'kriterien': None, 'sonderkennzeichen': None, 'zutaten': None, 'nachlass': None, 'genussplus': None, 'basicPrice': '100ml=0,40', 'national': False, 'gueltig_bis': 1618610400000}, {'angebotid': 3072480, 'externeid': None, 'titel': 'Regina Kamillenpapier', 'preis': 1.99, 'beschreibung': 'Toilettenpapier, 3-lagig, 8x150 Blatt Packung', 'punkte_deutschlandcard': '0', 'zusatztext': '*Nicht in allen Filialen erhaeltlich. Alle weiteren Informationen der Firma und Anschrift Ihres teilnehmenden EDEKA-Marktes finden Sie unter www.edeka.de/marktsuche oder unter der Telefonnummer 0800 724 28 55 (kostenfrei aus dem dt. Fest- und Mobilfunknetz). Alle Angebote g\u00c3\u00bcltig bis Samstag, 17.04.2021, KW 15. Wir haben uns f\u00c3\u00bcr diesen Zeitraum ausreichend bevorratet. Bitte entschuldigen Sie, wenn die Artikel auf Grund der gro\u00c3\u0178en Nachfrage dennoch im Einzelfall ausverkauft sein sollten. Abgabe in haushalts\u00c3\u00bcblichen Mengen. F\u00c3\u00bcr Darstellungsfehler \u00c3\u00bcbernehmen wir keine Haftung. EDEKA-Markt Minden-Hannover GmbH, Wittelsbacherallee 61, 32427 Minden.', 'bild_web90': 'https://offer-images.api.edeka/576287cd-e30d-4cf6-8515-d244eae5c306_8004260414494.jpg', 'bild_web130': 'https://offer-images.api.edeka/889a09e0-d158-4485-8583-85110d0d623b_8004260414494.jpg', 'bild_app': 'https://offer-images.api.edeka/b3c2ae09-71b2-44f1-8501-f7de57f516d4_8004260414494.jpg', 'warengruppe': 'Drogerie', 'warengruppeid': 9, 'kriterien': None, 'sonderkennzeichen': None, 'zutaten': None, 'nachlass': None, 'genussplus': None, 'basicPrice': None, 'national': False, 'gueltig_bis': 1618610400000}, {'angebotid': 3072481, 'externeid': None, 'titel': 'Rheinhessen Bio-3-Talente-Weine', 'preis': 2.99, 'beschreibung': 'versch. Sorten, 0,75l Flasche, (1l=3,99)', 'punkte_deutschlandcard': '0', 'zusatztext': '*Nicht in allen Filialen erhaeltlich. Alle weiteren Informationen der Firma und Anschrift Ihres teilnehmenden EDEKA-Marktes finden Sie unter www.edeka.de/marktsuche oder unter der Telefonnummer 0800 724 28 55 (kostenfrei aus dem dt. Fest- und Mobilfunknetz). Alle Angebote g\u00c3\u00bcltig bis Samstag, 17.04.2021, KW 15. Wir haben uns f\u00c3\u00bcr diesen Zeitraum ausreichend bevorratet. Bitte entschuldigen Sie, wenn die Artikel auf Grund der gro\u00c3\u0178en Nachfrage dennoch im Einzelfall ausverkauft sein sollten. Abgabe in haushalts\u00c3\u00bcblichen Mengen. F\u00c3\u00bcr Darstellungsfehler \u00c3\u00bcbernehmen wir keine Haftung. EDEKA-Markt Minden-Hannover GmbH, Wittelsbacherallee 61, 32427 Minden.', 'bild_web90': 'https://offer-images.api.edeka/375958ed-15c5-419f-ba5d-ee776dda9aa6_4006975184154.jpg', 'bild_web130': 'https://offer-images.api.edeka/0bf863e4-c81b-4a68-83d2-0ee8708c2057_4006975184154.jpg', 'bild_app': 'https://offer-images.api.edeka/0ac6ffef-d883-4b39-9864-2692a5142c03_4006975184154.jpg', 'warengruppe': 'Getraenke', 'warengruppeid': 7, 'kriterien': None, 'sonderkennzeichen': None, 'zutaten': None, 'nachlass': None, 'genussplus': None, 'basicPrice': '1l=3,99', 'national': False, 'gueltig_bis': 1618610400000}, {'angebotid': 3072482, 'externeid': None, 'titel': 'Rheinhessen/Pfalz Rotkaeppchen Weine', 'preis': 2.99, 'beschreibung': 'versch. Sorten, 0,75l Flasche, (1l=3,99)', 'punkte_deutschlandcard': '0', 'zusatztext': '*Nicht in allen Filialen erhaeltlich. Alle weiteren Informationen der Firma und Anschrift Ihres teilnehmenden EDEKA-Marktes finden Sie unter www.edeka.de/marktsuche oder unter der Telefonnummer 0800 724 28 55 (kostenfrei aus dem dt. Fest- und Mobilfunknetz). Alle Angebote g\u00c3\u00bcltig bis Samstag, 17.04.2021, KW 15. Wir haben uns f\u00c3\u00bcr diesen Zeitraum ausreichend bevorratet. Bitte entschuldigen Sie, wenn die Artikel auf Grund der gro\u00c3\u0178en Nachfrage dennoch im Einzelfall ausverkauft sein sollten. Abgabe in haushalts\u00c3\u00bcblichen Mengen. F\u00c3\u00bcr Darstellungsfehler \u00c3\u00bcbernehmen wir keine Haftung. EDEKA-Markt Minden-Hannover GmbH, Wittelsbacherallee 61, 32427 Minden.', 'bild_web90': 'https://offer-images.api.edeka/64b905f1-dc12-4890-932d-e81255b2276f_4014741785016_VOR_001.jpg', 'bild_web130': 'https://offer-images.api.edeka/d7ddfa9b-ed13-4f1e-9b1a-ee6ef1e05738_4014741785016_VOR_001.jpg', 'bild_app': 'https://offer-images.api.edeka/6a9c846d-4be5-4f5d-8661-467fb0577009_4014741785016_VOR_001.jpg', 'warengruppe': 'Getraenke', 'warengruppeid': 7, 'kriterien': None, 'sonderkennzeichen': None, 'zutaten': None, 'nachlass': None, 'genussplus': None, 'basicPrice': '1l=3,99', 'national': False, 'gueltig_bis': 1618610400000}, {'angebotid': 3072483, 'externeid': None, 'titel': 'Rotkaeppchen Sekt', 'preis': 0.99, 'beschreibung': 'versch. Sorten, 0,2l Flasche, (100ml=0,50)', 'punkte_deutschlandcard': '0', 'zusatztext': '*Nicht in allen Filialen erhaeltlich. Alle weiteren Informationen der Firma und Anschrift Ihres teilnehmenden EDEKA-Marktes finden Sie unter www.edeka.de/marktsuche oder unter der Telefonnummer 0800 724 28 55 (kostenfrei aus dem dt. Fest- und Mobilfunknetz). Alle Angebote g\u00c3\u00bcltig bis Samstag, 17.04.2021, KW 15. Wir haben uns f\u00c3\u00bcr diesen Zeitraum ausreichend bevorratet. Bitte entschuldigen Sie, wenn die Artikel auf Grund der gro\u00c3\u0178en Nachfrage dennoch im Einzelfall ausverkauft sein sollten. Abgabe in haushalts\u00c3\u00bcblichen Mengen. F\u00c3\u00bcr Darstellungsfehler \u00c3\u00bcbernehmen wir keine Haftung. EDEKA-Markt Minden-Hannover GmbH, Wittelsbacherallee 61, 32427 Minden.', 'bild_web90': 'https://offer-images.api.edeka/d765b1a7-cd3e-4794-a7fa-88c625492316_4014741651052.jpg', 'bild_web130': 'https://offer-images.api.edeka/a8a125ba-a240-4891-b24f-78ff7320c62a_4014741651052.jpg', 'bild_app': 'https://offer-images.api.edeka/20272d01-5aaf-438d-8987-2fa4a86f8843_4014741651052.jpg', 'warengruppe': 'Getraenke', 'warengruppeid': 7, 'kriterien': None, 'sonderkennzeichen': None, 'zutaten': None, 'nachlass': None, 'genussplus': None, 'basicPrice': '100ml=0,50', 'national': False, 'gueltig_bis': 1618610400000}, {'angebotid': 3072484, 'externeid': None, 'titel': 'Rougette Grillkaese', 'preis': 2.29, 'beschreibung': 'versch. Sorten, 180g Packung, (100g=1,27)', 'punkte_deutschlandcard': '0', 'zusatztext': '*Nicht in allen Filialen erhaeltlich. Alle weiteren Informationen der Firma und Anschrift Ihres teilnehmenden EDEKA-Marktes finden Sie unter www.edeka.de/marktsuche oder unter der Telefonnummer 0800 724 28 55 (kostenfrei aus dem dt. Fest- und Mobilfunknetz). Alle Angebote g\u00c3\u00bcltig bis Samstag, 17.04.2021, KW 15. Wir haben uns f\u00c3\u00bcr diesen Zeitraum ausreichend bevorratet. Bitte entschuldigen Sie, wenn die Artikel auf Grund der gro\u00c3\u0178en Nachfrage dennoch im Einzelfall ausverkauft sein sollten. Abgabe in haushalts\u00c3\u00bcblichen Mengen. F\u00c3\u00bcr Darstellungsfehler \u00c3\u00bcbernehmen wir keine Haftung. EDEKA-Markt Minden-Hannover GmbH, Wittelsbacherallee 61, 32427 Minden.', 'bild_web90': 'https://offer-images.api.edeka/ffaa35db-e806-4768-b827-c2f88b6d901e_4000504174739_PER.jpg', 'bild_web130': 'https://offer-images.api.edeka/08ab4d5a-b6dd-4814-85f4-98424f04a460_4000504174739_PER.jpg', 'bild_app': 'https://offer-images.api.edeka/c6448278-c734-4e17-b7df-2d28a3f129d1_4000504174739_PER.jpg', 'warengruppe': 'Molkerei & Kaese', 'warengruppeid': 3, 'kriterien': None, 'sonderkennzeichen': None, 'zutaten': None, 'nachlass': None, 'genussplus': None, 'basicPrice': '100g=1,27', 'national': False, 'gueltig_bis': 1618610400000}, {'angebotid': 3072485, 'externeid': None, 'titel': 'R\u00c3\u00bcgenwalder M\u00c3\u00bchle Fleisch- oder Fischersatzprodukte', 'preis': 2.22, 'beschreibung': 'vegetarisch oder vegan, versch. Sorten, z.B.: vegane Schnitzel, vegane Nuggets 180g, 180/200g Packung, (100g=1,23/1,11)', 'punkte_deutschlandcard': '0', 'zusatztext': '*Nicht in allen Filialen erhaeltlich. Alle weiteren Informationen der Firma und Anschrift Ihres teilnehmenden EDEKA-Marktes finden Sie unter www.edeka.de/marktsuche oder unter der Telefonnummer 0800 724 28 55 (kostenfrei aus dem dt. Fest- und Mobilfunknetz). Alle Angebote g\u00c3\u00bcltig bis Samstag, 17.04.2021, KW 15. Wir haben uns f\u00c3\u00bcr diesen Zeitraum ausreichend bevorratet. Bitte entschuldigen Sie, wenn die Artikel auf Grund der gro\u00c3\u0178en Nachfrage dennoch im Einzelfall ausverkauft sein sollten. Abgabe in haushalts\u00c3\u00bcblichen Mengen. F\u00c3\u00bcr Darstellungsfehler \u00c3\u00bcbernehmen wir keine Haftung. EDEKA-Markt Minden-Hannover GmbH, Wittelsbacherallee 61, 32427 Minden.', 'bild_web90': 'https://offer-images.api.edeka/5e976c50-d133-44c5-ac7a-7e20bd8a8f68_4000405001479_PER.jpg', 'bild_web130': 'https://offer-images.api.edeka/f1aa2b6f-96b8-407b-b222-2e254b15527d_4000405001479_PER.jpg', 'bild_app': 'https://offer-images.api.edeka/94dbfa3a-2a54-4c40-82fb-43749912b71e_4000405001479_PER.jpg', 'warengruppe': 'Tiefk\u00c3\u00bchl', 'warengruppeid': 5, 'kriterien': None, 'sonderkennzeichen': None, 'zutaten': None, 'nachlass': None, 'genussplus': None, 'basicPrice': '100g=1,23/1,11', 'national': False, 'gueltig_bis': 1618610400000}, {'angebotid': 3072486, 'externeid': None, 'titel': 'San Miguel', 'preis': 4.49, 'beschreibung': 'spanisches Bier, + 0,48 Pfand, 6x0,33l Flasche, (1l=2,27)', 'punkte_deutschlandcard': '0', 'zusatztext': '*Nicht in allen Filialen erhaeltlich. Alle weiteren Informationen der Firma und Anschrift Ihres teilnehmenden EDEKA-Marktes finden Sie unter www.edeka.de/marktsuche oder unter der Telefonnummer 0800 724 28 55 (kostenfrei aus dem dt. Fest- und Mobilfunknetz). Alle Angebote g\u00c3\u00bcltig bis Samstag, 17.04.2021, KW 15. Wir haben uns f\u00c3\u00bcr diesen Zeitraum ausreichend bevorratet. Bitte entschuldigen Sie, wenn die Artikel auf Grund der gro\u00c3\u0178en Nachfrage dennoch im Einzelfall ausverkauft sein sollten. Abgabe in haushalts\u00c3\u00bcblichen Mengen. F\u00c3\u00bcr Darstellungsfehler \u00c3\u00bcbernehmen wir keine Haftung. EDEKA-Markt Minden-Hannover GmbH, Wittelsbacherallee 61, 32427 Minden.', 'bild_web90': 'https://offer-images.api.edeka/06f4f3f6-1370-490c-a744-e61b822a4f2f_8410655006388_PER_1396287006.jpg', 'bild_web130': 'https://offer-images.api.edeka/2ddf9154-72d2-4866-9cf1-eb37b77b3caf_8410655006388_PER_1396287006.jpg', 'bild_app': 'https://offer-images.api.edeka/e08a6489-e8e6-4ed1-991c-aa2b605f2af2_8410655006388_PER_1396287006.jpg', 'warengruppe': 'Getraenke', 'warengruppeid': 7, 'kriterien': None, 'sonderkennzeichen': None, 'zutaten': None, 'nachlass': None, 'genussplus': None, 'basicPrice': '1l=2,27', 'national': False, 'gueltig_bis': 1618610400000}, {'angebotid': 3072487, 'externeid': None, 'titel': 'Saupiquet Thunfisch-Salat', 'preis': 1.79, 'beschreibung': 'versch. Sorten, 160g Dose, (100g=1,12)', 'punkte_deutschlandcard': '0', 'zusatztext': '*Nicht in allen Filialen erhaeltlich. Alle weiteren Informationen der Firma und Anschrift Ihres teilnehmenden EDEKA-Marktes finden Sie unter www.edeka.de/marktsuche oder unter der Telefonnummer 0800 724 28 55 (kostenfrei aus dem dt. Fest- und Mobilfunknetz). Alle Angebote g\u00c3\u00bcltig bis Samstag, 17.04.2021, KW 15. Wir haben uns f\u00c3\u00bcr diesen Zeitraum ausreichend bevorratet. Bitte entschuldigen Sie, wenn die Artikel auf Grund der gro\u00c3\u0178en Nachfrage dennoch im Einzelfall ausverkauft sein sollten. Abgabe in haushalts\u00c3\u00bcblichen Mengen. F\u00c3\u00bcr Darstellungsfehler \u00c3\u00bcbernehmen wir keine Haftung. EDEKA-Markt Minden-Hannover GmbH, Wittelsbacherallee 61, 32427 Minden.', 'bild_web90': 'https://offer-images.api.edeka/9550fbdb-f204-4ed7-93e7-8ea2b1614707_3165950580860_PER.jpg', 'bild_web130': 'https://offer-images.api.edeka/16882b5e-336f-4121-9707-184a1e534af7_3165950580860_PER.jpg', 'bild_app': 'https://offer-images.api.edeka/cf3a8841-b2a2-427b-8c36-b1540fd289f7_3165950580860_PER.jpg', 'warengruppe': 'Sonstiges', 'warengruppeid': 11, 'kriterien': None, 'sonderkennzeichen': None, 'zutaten': None, 'nachlass': None, 'genussplus': None, 'basicPrice': '100g=1,12', 'national': False, 'gueltig_bis': 1618610400000}, {'angebotid': 3072488, 'externeid': None, 'titel': 'SC Johnson WC-Ente Frische-Siegel', 'preis': 2.99, 'beschreibung': '2 Nachf\u00c3\u00bcller, versch. Varianten, 72ml Packung, (100ml=4,15)', 'punkte_deutschlandcard': '0', 'zusatztext': '*Nicht in allen Filialen erhaeltlich. Alle weiteren Informationen der Firma und Anschrift Ihres teilnehmenden EDEKA-Marktes finden Sie unter www.edeka.de/marktsuche oder unter der Telefonnummer 0800 724 28 55 (kostenfrei aus dem dt. Fest- und Mobilfunknetz). Alle Angebote g\u00c3\u00bcltig bis Samstag, 17.04.2021, KW 15. Wir haben uns f\u00c3\u00bcr diesen Zeitraum ausreichend bevorratet. Bitte entschuldigen Sie, wenn die Artikel auf Grund der gro\u00c3\u0178en Nachfrage dennoch im Einzelfall ausverkauft sein sollten. Abgabe in haushalts\u00c3\u00bcblichen Mengen. F\u00c3\u00bcr Darstellungsfehler \u00c3\u00bcbernehmen wir keine Haftung. EDEKA-Markt Minden-Hannover GmbH, Wittelsbacherallee 61, 32427 Minden.', 'bild_web90': 'https://offer-images.api.edeka/fd97175c-c16c-4a61-95eb-8a98a2f51078_5000204944907_VOR.jpg', 'bild_web130': 'https://offer-images.api.edeka/4a3e0582-f4a2-4501-b47d-3b809792f873_5000204944907_VOR.jpg', 'bild_app': 'https://offer-images.api.edeka/7484ccad-223d-4f4c-b2bf-db6df7f2acdb_5000204944907_VOR.jpg', 'warengruppe': 'Drogerie', 'warengruppeid': 9, 'kriterien': None, 'sonderkennzeichen': None, 'zutaten': None, 'nachlass': None, 'genussplus': None, 'basicPrice': '100ml=4,15', 'national': False, 'gueltig_bis': 1618610400000}, {'angebotid': 3072489, 'externeid': None, 'titel': 'Scharlachberg', 'preis': 5.79, 'beschreibung': '34% Vol., 0,7l Flasche, (1l=8,27)', 'punkte_deutschlandcard': '0', 'zusatztext': '*Nicht in allen Filialen erhaeltlich. Alle weiteren Informationen der Firma und Anschrift Ihres teilnehmenden EDEKA-Marktes finden Sie unter www.edeka.de/marktsuche oder unter der Telefonnummer 0800 724 28 55 (kostenfrei aus dem dt. Fest- und Mobilfunknetz). Alle Angebote g\u00c3\u00bcltig bis Samstag, 17.04.2021, KW 15. Wir haben uns f\u00c3\u00bcr diesen Zeitraum ausreichend bevorratet. Bitte entschuldigen Sie, wenn die Artikel auf Grund der gro\u00c3\u0178en Nachfrage dennoch im Einzelfall ausverkauft sein sollten. Abgabe in haushalts\u00c3\u00bcblichen Mengen. F\u00c3\u00bcr Darstellungsfehler \u00c3\u00bcbernehmen wir keine Haftung. EDEKA-Markt Minden-Hannover GmbH, Wittelsbacherallee 61, 32427 Minden.', 'bild_web90': 'https://offer-images.api.edeka/6c5cd442-043a-4671-a056-08277f5fb9d1_4061800081206_VOR.jpg', 'bild_web130': 'https://offer-images.api.edeka/5bf3d7fc-710a-4973-b65b-87b7755ba8fe_4061800081206_VOR.jpg', 'bild_app': 'https://offer-images.api.edeka/5bac7e2c-743e-4471-b7b2-b731d8f85aed_4061800081206_VOR.jpg', 'warengruppe': 'Getraenke', 'warengruppeid': 7, 'kriterien': None, 'sonderkennzeichen': None, 'zutaten': None, 'nachlass': None, 'genussplus': None, 'basicPrice': '1l=8,27', 'national': False, 'gueltig_bis': 1618610400000}, {'angebotid': 3072490, 'externeid': None, 'titel': 'Sch\u00c3\u00b6fferhofer', 'preis': 3.49, 'beschreibung': 'Hefeweizen oder Weizenmischgetraenke, versch. Sorten, + 0,48 Pfand, 6x0,33l Flasche, (1l=1,76)', 'punkte_deutschlandcard': '0', 'zusatztext': '*Nicht in allen Filialen erhaeltlich. Alle weiteren Informationen der Firma und Anschrift Ihres teilnehmenden EDEKA-Marktes finden Sie unter www.edeka.de/marktsuche oder unter der Telefonnummer 0800 724 28 55 (kostenfrei aus dem dt. Fest- und Mobilfunknetz). Alle Angebote g\u00c3\u00bcltig bis Samstag, 17.04.2021, KW 15. Wir haben uns f\u00c3\u00bcr diesen Zeitraum ausreichend bevorratet. Bitte entschuldigen Sie, wenn die Artikel auf Grund der gro\u00c3\u0178en Nachfrage dennoch im Einzelfall ausverkauft sein sollten. Abgabe in haushalts\u00c3\u00bcblichen Mengen. F\u00c3\u00bcr Darstellungsfehler \u00c3\u00bcbernehmen wir keine Haftung. EDEKA-Markt Minden-Hannover GmbH, Wittelsbacherallee 61, 32427 Minden.', 'bild_web90': 'https://offer-images.api.edeka/323f5366-9cea-476d-b1ad-ca5c33a94152_4053400081830_PER.jpg', 'bild_web130': 'https://offer-images.api.edeka/279d5640-e33e-4fd4-8a9a-0fc1ea6b4d9f_4053400081830_PER.jpg', 'bild_app': 'https://offer-images.api.edeka/8042f41f-ad94-46c4-a5df-1e9030cf2636_4053400081830_PER.jpg', 'warengruppe': 'Getraenke', 'warengruppeid': 7, 'kriterien': None, 'sonderkennzeichen': None, 'zutaten': None, 'nachlass': None, 'genussplus': None, 'basicPrice': '1l=1,76', 'national': False, 'gueltig_bis': 1618610400000}, {'angebotid': 3072491, 'externeid': None, 'titel': 'Somersby Cider', 'preis': 3.99, 'beschreibung': 'versch. Sorten, pfandfrei, 4x0,33l Flasche, (1l=3,02)', 'punkte_deutschlandcard': '0', 'zusatztext': '*Nicht in allen Filialen erhaeltlich. Alle weiteren Informationen der Firma und Anschrift Ihres teilnehmenden EDEKA-Marktes finden Sie unter www.edeka.de/marktsuche oder unter der Telefonnummer 0800 724 28 55 (kostenfrei aus dem dt. Fest- und Mobilfunknetz). Alle Angebote g\u00c3\u00bcltig bis Samstag, 17.04.2021, KW 15. Wir haben uns f\u00c3\u00bcr diesen Zeitraum ausreichend bevorratet. Bitte entschuldigen Sie, wenn die Artikel auf Grund der gro\u00c3\u0178en Nachfrage dennoch im Einzelfall ausverkauft sein sollten. Abgabe in haushalts\u00c3\u00bcblichen Mengen. F\u00c3\u00bcr Darstellungsfehler \u00c3\u00bcbernehmen wir keine Haftung. EDEKA-Markt Minden-Hannover GmbH, Wittelsbacherallee 61, 32427 Minden.', 'bild_web90': 'https://offer-images.api.edeka/f9d03611-b1d3-4ae0-99ad-3f6bed726aed_2838557004.jpg', 'bild_web130': 'https://offer-images.api.edeka/75e9107d-b6b4-42d8-bf12-c492427ec81d_2838557004.jpg', 'bild_app': 'https://offer-images.api.edeka/60829106-2662-4061-bd52-c5d8c7713614_2838557004.jpg', 'warengruppe': 'Getraenke', 'warengruppeid': 7, 'kriterien': None, 'sonderkennzeichen': None, 'zutaten': None, 'nachlass': None, 'genussplus': None, 'basicPrice': '1l=3,02', 'national': False, 'gueltig_bis': 1618610400000}, {'angebotid': 3072492, 'externeid': None, 'titel': 'Spanien Freixenet Medera\u00c3\u00b1o oder Mia Weine', 'preis': 2.99, 'beschreibung': 'versch. Sorten, 0,75l Flasche, (1l=3,99)', 'punkte_deutschlandcard': '0', 'zusatztext': '*Nicht in allen Filialen erhaeltlich. Alle weiteren Informationen der Firma und Anschrift Ihres teilnehmenden EDEKA-Marktes finden Sie unter www.edeka.de/marktsuche oder unter der Telefonnummer 0800 724 28 55 (kostenfrei aus dem dt. Fest- und Mobilfunknetz). Alle Angebote g\u00c3\u00bcltig bis Samstag, 17.04.2021, KW 15. Wir haben uns f\u00c3\u00bcr diesen Zeitraum ausreichend bevorratet. Bitte entschuldigen Sie, wenn die Artikel auf Grund der gro\u00c3\u0178en Nachfrage dennoch im Einzelfall ausverkauft sein sollten. Abgabe in haushalts\u00c3\u00bcblichen Mengen. F\u00c3\u00bcr Darstellungsfehler \u00c3\u00bcbernehmen wir keine Haftung. EDEKA-Markt Minden-Hannover GmbH, Wittelsbacherallee 61, 32427 Minden.', 'bild_web90': 'https://offer-images.api.edeka/a6121f91-d1df-4021-a01c-c671af9ee686_8410384004761_VOR.jpg', 'bild_web130': 'https://offer-images.api.edeka/2edfb269-865d-49f1-89e5-36227aa17027_8410384004761_VOR.jpg', 'bild_app': 'https://offer-images.api.edeka/d2d37068-d138-49fa-8243-af3c9a874a6e_8410384004761_VOR.jpg', 'warengruppe': 'Getraenke', 'warengruppeid': 7, 'kriterien': None, 'sonderkennzeichen': None, 'zutaten': None, 'nachlass': None, 'genussplus': None, 'basicPrice': '1l=3,99', 'national': False, 'gueltig_bis': 1618610400000}, {'angebotid': 3072493, 'externeid': None, 'titel': 'St. Hubertus-Tropfen', 'preis': 4.99, 'beschreibung': 'versch. Sorten, 24x0,02l Flasche, (100ml=24,95)', 'punkte_deutschlandcard': '0', 'zusatztext': '*Nicht in allen Filialen erhaeltlich. Alle weiteren Informationen der Firma und Anschrift Ihres teilnehmenden EDEKA-Marktes finden Sie unter www.edeka.de/marktsuche oder unter der Telefonnummer 0800 724 28 55 (kostenfrei aus dem dt. Fest- und Mobilfunknetz). Alle Angebote g\u00c3\u00bcltig bis Samstag, 17.04.2021, KW 15. Wir haben uns f\u00c3\u00bcr diesen Zeitraum ausreichend bevorratet. Bitte entschuldigen Sie, wenn die Artikel auf Grund der gro\u00c3\u0178en Nachfrage dennoch im Einzelfall ausverkauft sein sollten. Abgabe in haushalts\u00c3\u00bcblichen Mengen. F\u00c3\u00bcr Darstellungsfehler \u00c3\u00bcbernehmen wir keine Haftung. EDEKA-Markt Minden-Hannover GmbH, Wittelsbacherallee 61, 32427 Minden.', 'bild_web90': 'https://offer-images.api.edeka/d999355c-5118-4cee-bc3b-a3bd51ff3bf0_4038500001162_PER.jpg', 'bild_web130': 'https://offer-images.api.edeka/005f41e6-ce64-4d4b-be2b-a554da61d09e_4038500001162_PER.jpg', 'bild_app': 'https://offer-images.api.edeka/37b29ad0-3025-4c4c-b71c-dc1a38068ab3_4038500001162_PER.jpg', 'warengruppe': 'Getraenke', 'warengruppeid': 7, 'kriterien': None, 'sonderkennzeichen': None, 'zutaten': None, 'nachlass': None, 'genussplus': None, 'basicPrice': '100ml=24,95', 'national': False, 'gueltig_bis': 1618610400000}, {'angebotid': 3072494, 'externeid': None, 'titel': 'Starbucks Nespresso', 'preis': 2.99, 'beschreibung': 'Kaffeekapseln, versch. Sorten, 53/56/57g Packung, (100g=5,65/5,34/5,25)', 'punkte_deutschlandcard': '0', 'zusatztext': '*Nicht in allen Filialen erhaeltlich. Alle weiteren Informationen der Firma und Anschrift Ihres teilnehmenden EDEKA-Marktes finden Sie unter www.edeka.de/marktsuche oder unter der Telefonnummer 0800 724 28 55 (kostenfrei aus dem dt. Fest- und Mobilfunknetz). Alle Angebote g\u00c3\u00bcltig bis Samstag, 17.04.2021, KW 15. Wir haben uns f\u00c3\u00bcr diesen Zeitraum ausreichend bevorratet. Bitte entschuldigen Sie, wenn die Artikel auf Grund der gro\u00c3\u0178en Nachfrage dennoch im Einzelfall ausverkauft sein sollten. Abgabe in haushalts\u00c3\u00bcblichen Mengen. F\u00c3\u00bcr Darstellungsfehler \u00c3\u00bcbernehmen wir keine Haftung. EDEKA-Markt Minden-Hannover GmbH, Wittelsbacherallee 61, 32427 Minden.', 'bild_web90': 'https://offer-images.api.edeka/0202f2c8-e186-48cd-8751-849431c20f92_7613036961684_VOR.jpg', 'bild_web130': 'https://offer-images.api.edeka/f4a11976-0017-4459-b530-3276100dd239_7613036961684_VOR.jpg', 'bild_app': 'https://offer-images.api.edeka/23cec538-bdc7-43d4-9d33-74a1c5473449_7613036961684_VOR.jpg', 'warengruppe': 'Sonstiges', 'warengruppeid': 11, 'kriterien': None, 'sonderkennzeichen': None, 'zutaten': None, 'nachlass': None, 'genussplus': None, 'basicPrice': '100g=5,65/5,34/5,25', 'national': False, 'gueltig_bis': 1618610400000}, {'angebotid': 3072495, 'externeid': None, 'titel': 'Storck Knoppers', 'preis': 1.69, 'beschreibung': 'Milch-Haselnuss-Schnitte, knusprig, 8+2 St\u00c3\u00bcck = 250g Packung, (100g=0,68)', 'punkte_deutschlandcard': '0', 'zusatztext': '*Nicht in allen Filialen erhaeltlich. Alle weiteren Informationen der Firma und Anschrift Ihres teilnehmenden EDEKA-Marktes finden Sie unter www.edeka.de/marktsuche oder unter der Telefonnummer 0800 724 28 55 (kostenfrei aus dem dt. Fest- und Mobilfunknetz). Alle Angebote g\u00c3\u00bcltig bis Samstag, 17.04.2021, KW 15. Wir haben uns f\u00c3\u00bcr diesen Zeitraum ausreichend bevorratet. Bitte entschuldigen Sie, wenn die Artikel auf Grund der gro\u00c3\u0178en Nachfrage dennoch im Einzelfall ausverkauft sein sollten. Abgabe in haushalts\u00c3\u00bcblichen Mengen. F\u00c3\u00bcr Darstellungsfehler \u00c3\u00bcbernehmen wir keine Haftung. EDEKA-Markt Minden-Hannover GmbH, Wittelsbacherallee 61, 32427 Minden.', 'bild_web90': 'https://offer-images.api.edeka/3593efc9-07b8-40da-b2db-c99e65a61f99_4035800484022_1_PER.jpg', 'bild_web130': 'https://offer-images.api.edeka/fd849a0b-31b4-4ca1-8814-2ebe42c40770_4035800484022_1_PER.jpg', 'bild_app': 'https://offer-images.api.edeka/934ec451-ea12-45ba-bfef-ea60488b6d24_4035800484022_1_PER.jpg', 'warengruppe': 'Knabbern & Naschen', 'warengruppeid': 10, 'kriterien': None, 'sonderkennzeichen': None, 'zutaten': None, 'nachlass': None, 'genussplus': None, 'basicPrice': '100g=0,68', 'national': False, 'gueltig_bis': 1618610400000}, {'angebotid': 3072496, 'externeid': None, 'titel': 'Storck Toffifee', 'preis': 0.99, 'beschreibung': 'Haselnuss in Caramel mit Nougatcreme und Schokolade, 15 St\u00c3\u00bcck = 125g Packung, (100g=0,79)', 'punkte_deutschlandcard': '0', 'zusatztext': '*Nicht in allen Filialen erhaeltlich. Alle weiteren Informationen der Firma und Anschrift Ihres teilnehmenden EDEKA-Marktes finden Sie unter www.edeka.de/marktsuche oder unter der Telefonnummer 0800 724 28 55 (kostenfrei aus dem dt. Fest- und Mobilfunknetz). Alle Angebote g\u00c3\u00bcltig bis Samstag, 17.04.2021, KW 15. Wir haben uns f\u00c3\u00bcr diesen Zeitraum ausreichend bevorratet. Bitte entschuldigen Sie, wenn die Artikel auf Grund der gro\u00c3\u0178en Nachfrage dennoch im Einzelfall ausverkauft sein sollten. Abgabe in haushalts\u00c3\u00bcblichen Mengen. F\u00c3\u00bcr Darstellungsfehler \u00c3\u00bcbernehmen wir keine Haftung. EDEKA-Markt Minden-Hannover GmbH, Wittelsbacherallee 61, 32427 Minden.', 'bild_web90': 'https://offer-images.api.edeka/cbcbb2e2-a825-4d11-a8b2-56dd2311d69c_pckg_15er_125g.jpg', 'bild_web130': 'https://offer-images.api.edeka/021502de-ef9e-4a1f-b668-c39e7a6da237_pckg_15er_125g.jpg', 'bild_app': 'https://offer-images.api.edeka/4603c706-e276-420c-95b6-3615e8c03dfd_pckg_15er_125g.jpg', 'warengruppe': 'Knabbern & Naschen', 'warengruppeid': 10, 'kriterien': None, 'sonderkennzeichen': None, 'zutaten': None, 'nachlass': None, 'genussplus': None, 'basicPrice': '100g=0,79', 'national': False, 'gueltig_bis': 1618610400000}, {'angebotid': 3072497, 'externeid': None, 'titel': 'S\u00c3\u00b6hnlein', 'preis': 2.79, 'beschreibung': 'versch. Sorten, 0,75l Flasche, (1l=3,72)', 'punkte_deutschlandcard': '0', 'zusatztext': '*Nicht in allen Filialen erhaeltlich. Alle weiteren Informationen der Firma und Anschrift Ihres teilnehmenden EDEKA-Marktes finden Sie unter www.edeka.de/marktsuche oder unter der Telefonnummer 0800 724 28 55 (kostenfrei aus dem dt. Fest- und Mobilfunknetz). Alle Angebote g\u00c3\u00bcltig bis Samstag, 17.04.2021, KW 15. Wir haben uns f\u00c3\u00bcr diesen Zeitraum ausreichend bevorratet. Bitte entschuldigen Sie, wenn die Artikel auf Grund der gro\u00c3\u0178en Nachfrage dennoch im Einzelfall ausverkauft sein sollten. Abgabe in haushalts\u00c3\u00bcblichen Mengen. F\u00c3\u00bcr Darstellungsfehler \u00c3\u00bcbernehmen wir keine Haftung. EDEKA-Markt Minden-Hannover GmbH, Wittelsbacherallee 61, 32427 Minden.', 'bild_web90': 'https://offer-images.api.edeka/9a5a33a4-833d-4cfd-b639-9017ac67bba6_4003310013636_VOR.jpg', 'bild_web130': 'https://offer-images.api.edeka/1b894b6f-5f38-41e7-a288-0095a6014b3d_4003310013636_VOR.jpg', 'bild_app': 'https://offer-images.api.edeka/6aa572ec-1163-4825-8850-edb32ac28aea_4003310013636_VOR.jpg', 'warengruppe': 'Getraenke', 'warengruppeid': 7, 'kriterien': None, 'sonderkennzeichen': None, 'zutaten': None, 'nachlass': None, 'genussplus': None, 'basicPrice': '1l=3,72', 'national': False, 'gueltig_bis': 1618610400000}, {'angebotid': 3072498, 'externeid': None, 'titel': 'Thomy Delikatess-Senf', 'preis': 0.79, 'beschreibung': 'versch. Sorten, 200ml Tube, (100ml=0,40)', 'punkte_deutschlandcard': '0', 'zusatztext': '*Nicht in allen Filialen erhaeltlich. Alle weiteren Informationen der Firma und Anschrift Ihres teilnehmenden EDEKA-Marktes finden Sie unter www.edeka.de/marktsuche oder unter der Telefonnummer 0800 724 28 55 (kostenfrei aus dem dt. Fest- und Mobilfunknetz). Alle Angebote g\u00c3\u00bcltig bis Samstag, 17.04.2021, KW 15. Wir haben uns f\u00c3\u00bcr diesen Zeitraum ausreichend bevorratet. Bitte entschuldigen Sie, wenn die Artikel auf Grund der gro\u00c3\u0178en Nachfrage dennoch im Einzelfall ausverkauft sein sollten. Abgabe in haushalts\u00c3\u00bcblichen Mengen. F\u00c3\u00bcr Darstellungsfehler \u00c3\u00bcbernehmen wir keine Haftung. EDEKA-Markt Minden-Hannover GmbH, Wittelsbacherallee 61, 32427 Minden.', 'bild_web90': 'https://offer-images.api.edeka/d79afcb0-bb74-48de-a26b-fb51e28bd4d1_mi734100e_1f.jpg', 'bild_web130': 'https://offer-images.api.edeka/8ea472af-6183-42f0-8efa-80c746779d76_mi734100e_1f.jpg', 'bild_app': 'https://offer-images.api.edeka/bc173fc8-dd4b-4aba-b66e-9cb32900a50c_mi734100e_1f.jpg', 'warengruppe': 'Sonstiges', 'warengruppeid': 11, 'kriterien': None, 'sonderkennzeichen': None, 'zutaten': None, 'nachlass': None, 'genussplus': None, 'basicPrice': '100ml=0,40', 'national': False, 'gueltig_bis': 1618610400000}, {'angebotid': 3072499, 'externeid': None, 'titel': 'Thomy Les Sauces', 'preis': 0.79, 'beschreibung': 'versch. Sorten, 250ml Packung, (100ml=0,32)', 'punkte_deutschlandcard': '0', 'zusatztext': '*Nicht in allen Filialen erhaeltlich. Alle weiteren Informationen der Firma und Anschrift Ihres teilnehmenden EDEKA-Marktes finden Sie unter www.edeka.de/marktsuche oder unter der Telefonnummer 0800 724 28 55 (kostenfrei aus dem dt. Fest- und Mobilfunknetz). Alle Angebote g\u00c3\u00bcltig bis Samstag, 17.04.2021, KW 15. Wir haben uns f\u00c3\u00bcr diesen Zeitraum ausreichend bevorratet. Bitte entschuldigen Sie, wenn die Artikel auf Grund der gro\u00c3\u0178en Nachfrage dennoch im Einzelfall ausverkauft sein sollten. Abgabe in haushalts\u00c3\u00bcblichen Mengen. F\u00c3\u00bcr Darstellungsfehler \u00c3\u00bcbernehmen wir keine Haftung. EDEKA-Markt Minden-Hannover GmbH, Wittelsbacherallee 61, 32427 Minden.', 'bild_web90': 'https://offer-images.api.edeka/f9b8b459-e52d-4152-8ef9-6e9468f78567_MI11807300E_F.jpg', 'bild_web130': 'https://offer-images.api.edeka/2c183350-0bd9-495c-b67d-c20f571586bd_MI11807300E_F.jpg', 'bild_app': 'https://offer-images.api.edeka/e50b66e3-3d8d-4c02-8d0d-4a3cfb2de16d_MI11807300E_F.jpg', 'warengruppe': 'Sonstiges', 'warengruppeid': 11, 'kriterien': None, 'sonderkennzeichen': None, 'zutaten': None, 'nachlass': None, 'genussplus': None, 'basicPrice': '100ml=0,32', 'national': False, 'gueltig_bis': 1618610400000}, {'angebotid': 3072500, 'externeid': None, 'titel': \"Uncle Ben's Reis oder Saucen\", 'preis': 1.39, 'beschreibung': 'versch. Sorten, 500g Packung/400g Glas, (1kg=2,78/3,48)', 'punkte_deutschlandcard': '0', 'zusatztext': '*Nicht in allen Filialen erhaeltlich. Alle weiteren Informationen der Firma und Anschrift Ihres teilnehmenden EDEKA-Marktes finden Sie unter www.edeka.de/marktsuche oder unter der Telefonnummer 0800 724 28 55 (kostenfrei aus dem dt. Fest- und Mobilfunknetz). Alle Angebote g\u00c3\u00bcltig bis Samstag, 17.04.2021, KW 15. Wir haben uns f\u00c3\u00bcr diesen Zeitraum ausreichend bevorratet. Bitte entschuldigen Sie, wenn die Artikel auf Grund der gro\u00c3\u0178en Nachfrage dennoch im Einzelfall ausverkauft sein sollten. Abgabe in haushalts\u00c3\u00bcblichen Mengen. F\u00c3\u00bcr Darstellungsfehler \u00c3\u00bcbernehmen wir keine Haftung. EDEKA-Markt Minden-Hannover GmbH, Wittelsbacherallee 61, 32427 Minden.', 'bild_web90': 'https://offer-images.api.edeka/6a8b217a-8df2-48ba-996e-733ec1e0cad5_unclebens.jpg', 'bild_web130': 'https://offer-images.api.edeka/c0135c1b-8f01-42cc-a5ad-de8f3fb0c416_unclebens.jpg', 'bild_app': 'https://offer-images.api.edeka/b2157d66-40d1-4422-819b-160949481376_unclebens.jpg', 'warengruppe': 'Grundnahrung', 'warengruppeid': 6, 'kriterien': None, 'sonderkennzeichen': None, 'zutaten': None, 'nachlass': None, 'genussplus': None, 'basicPrice': '1kg=2,78/3,48', 'national': False, 'gueltig_bis': 1618610400000}, {'angebotid': 3072501, 'externeid': None, 'titel': 'Veltins Pilsener oder V+', 'preis': 0.59, 'beschreibung': 'teilw. koffeinhaltig, versch. Sorten, + 0,25 Pfand, 0,5l DPG-Dose, (1l=1,18)', 'punkte_deutschlandcard': '0', 'zusatztext': '*Nicht in allen Filialen erhaeltlich. Alle weiteren Informationen der Firma und Anschrift Ihres teilnehmenden EDEKA-Marktes finden Sie unter www.edeka.de/marktsuche oder unter der Telefonnummer 0800 724 28 55 (kostenfrei aus dem dt. Fest- und Mobilfunknetz). Alle Angebote g\u00c3\u00bcltig bis Samstag, 17.04.2021, KW 15. Wir haben uns f\u00c3\u00bcr diesen Zeitraum ausreichend bevorratet. Bitte entschuldigen Sie, wenn die Artikel auf Grund der gro\u00c3\u0178en Nachfrage dennoch im Einzelfall ausverkauft sein sollten. Abgabe in haushalts\u00c3\u00bcblichen Mengen. F\u00c3\u00bcr Darstellungsfehler \u00c3\u00bcbernehmen wir keine Haftung. EDEKA-Markt Minden-Hannover GmbH, Wittelsbacherallee 61, 32427 Minden.', 'bild_web90': 'https://offer-images.api.edeka/4e1037c5-c799-4c46-8bf9-1e68bb4167d5_1_1188_Dose_pi_u.jpg', 'bild_web130': 'https://offer-images.api.edeka/204ec42b-d852-465d-809c-c8d864f6e747_1_1188_Dose_pi_u.jpg', 'bild_app': 'https://offer-images.api.edeka/3012cf09-a1dc-40bd-8f62-eb5fd338d534_1_1188_Dose_pi_u.jpg', 'warengruppe': 'Getraenke', 'warengruppeid': 7, 'kriterien': None, 'sonderkennzeichen': None, 'zutaten': None, 'nachlass': None, 'genussplus': None, 'basicPrice': '1l=1,18', 'national': False, 'gueltig_bis': 1618610400000}, {'angebotid': 3072502, 'externeid': None, 'titel': 'Vitamalz', 'preis': 2.49, 'beschreibung': '+ 0,48 Pfand, 6x0,33l Flasche, (1l=1,26)', 'punkte_deutschlandcard': '0', 'zusatztext': '*Nicht in allen Filialen erhaeltlich. Alle weiteren Informationen der Firma und Anschrift Ihres teilnehmenden EDEKA-Marktes finden Sie unter www.edeka.de/marktsuche oder unter der Telefonnummer 0800 724 28 55 (kostenfrei aus dem dt. Fest- und Mobilfunknetz). Alle Angebote g\u00c3\u00bcltig bis Samstag, 17.04.2021, KW 15. Wir haben uns f\u00c3\u00bcr diesen Zeitraum ausreichend bevorratet. Bitte entschuldigen Sie, wenn die Artikel auf Grund der gro\u00c3\u0178en Nachfrage dennoch im Einzelfall ausverkauft sein sollten. Abgabe in haushalts\u00c3\u00bcblichen Mengen. F\u00c3\u00bcr Darstellungsfehler \u00c3\u00bcbernehmen wir keine Haftung. EDEKA-Markt Minden-Hannover GmbH, Wittelsbacherallee 61, 32427 Minden.', 'bild_web90': 'https://offer-images.api.edeka/b5e0fb6c-2c4c-4b7b-8596-17d6666c149f_4100130913235_PER.jpg', 'bild_web130': 'https://offer-images.api.edeka/47be2add-07ba-4da1-b2e1-73e900e784ec_4100130913235_PER.jpg', 'bild_app': 'https://offer-images.api.edeka/55a70ce4-1030-4369-8d04-1b6bd19ff227_4100130913235_PER.jpg', 'warengruppe': 'Getraenke', 'warengruppeid': 7, 'kriterien': None, 'sonderkennzeichen': None, 'zutaten': None, 'nachlass': None, 'genussplus': None, 'basicPrice': '1l=1,26', 'national': False, 'gueltig_bis': 1618610400000}, {'angebotid': 3072503, 'externeid': None, 'titel': 'Warsteiner Premium-Pilsener', 'preis': 6.99, 'beschreibung': 'pfandfrei, 5l Fass, (1l=1,40)', 'punkte_deutschlandcard': '0', 'zusatztext': '*Nicht in allen Filialen erhaeltlich. Alle weiteren Informationen der Firma und Anschrift Ihres teilnehmenden EDEKA-Marktes finden Sie unter www.edeka.de/marktsuche oder unter der Telefonnummer 0800 724 28 55 (kostenfrei aus dem dt. Fest- und Mobilfunknetz). Alle Angebote g\u00c3\u00bcltig bis Samstag, 17.04.2021, KW 15. Wir haben uns f\u00c3\u00bcr diesen Zeitraum ausreichend bevorratet. Bitte entschuldigen Sie, wenn die Artikel auf Grund der gro\u00c3\u0178en Nachfrage dennoch im Einzelfall ausverkauft sein sollten. Abgabe in haushalts\u00c3\u00bcblichen Mengen. F\u00c3\u00bcr Darstellungsfehler \u00c3\u00bcbernehmen wir keine Haftung. EDEKA-Markt Minden-Hannover GmbH, Wittelsbacherallee 61, 32427 Minden.', 'bild_web90': 'https://offer-images.api.edeka/d09fe0ec-f8d2-4ca5-b358-be013f90f5f4_4000856003275_VOR.jpg', 'bild_web130': 'https://offer-images.api.edeka/19ceb537-6474-4b36-a962-7eae71e4dcea_4000856003275_VOR.jpg', 'bild_app': 'https://offer-images.api.edeka/2835dc9f-9801-4426-aadc-f18f4f70bb31_4000856003275_VOR.jpg', 'warengruppe': 'Getraenke', 'warengruppeid': 7, 'kriterien': None, 'sonderkennzeichen': None, 'zutaten': None, 'nachlass': None, 'genussplus': None, 'basicPrice': '1l=1,40', 'national': False, 'gueltig_bis': 1618610400000}, {'angebotid': 3072504, 'externeid': None, 'titel': 'Weizenbr\u00c3\u00b6tchen \"Meisterst\u00c3\u00bccke\" 5er-Beutel', 'preis': 0.75, 'beschreibung': 'Weizenbr\u00c3\u00b6tchen, aufgetaut, zum Fertigbacken, 5x80g = 400g Packung, (1kg=1,88)', 'punkte_deutschlandcard': '0', 'zusatztext': '*Nicht in allen Filialen erhaeltlich. Alle weiteren Informationen der Firma und Anschrift Ihres teilnehmenden EDEKA-Marktes finden Sie unter www.edeka.de/marktsuche oder unter der Telefonnummer 0800 724 28 55 (kostenfrei aus dem dt. Fest- und Mobilfunknetz). Alle Angebote g\u00c3\u00bcltig bis Samstag, 17.04.2021, KW 15. Wir haben uns f\u00c3\u00bcr diesen Zeitraum ausreichend bevorratet. Bitte entschuldigen Sie, wenn die Artikel auf Grund der gro\u00c3\u0178en Nachfrage dennoch im Einzelfall ausverkauft sein sollten. Abgabe in haushalts\u00c3\u00bcblichen Mengen. F\u00c3\u00bcr Darstellungsfehler \u00c3\u00bcbernehmen wir keine Haftung. EDEKA-Markt Minden-Hannover GmbH, Wittelsbacherallee 61, 32427 Minden.', 'bild_web90': 'https://offer-images.api.edeka/5e32ca71-a2cf-4ffc-b52e-7bead556bcec_94080_5er_weizenbroetchen_bo_1.jpg', 'bild_web130': 'https://offer-images.api.edeka/9af67dfb-5f6a-460d-8dd7-7d93997bc99a_94080_5er_weizenbroetchen_bo_1.jpg', 'bild_app': 'https://offer-images.api.edeka/be18241b-3eba-46d7-b10c-9c708bdabb79_94080_5er_weizenbroetchen_bo_1.jpg', 'warengruppe': 'Sonstiges', 'warengruppeid': 11, 'kriterien': None, 'sonderkennzeichen': None, 'zutaten': None, 'nachlass': None, 'genussplus': None, 'basicPrice': '1kg=1,88', 'national': False, 'gueltig_bis': 1618610400000}, {'angebotid': 3072505, 'externeid': None, 'titel': 'Wiesenhof Bruzzzler veggie', 'preis': 2.29, 'beschreibung': 'vegane Bratwurst, ideal f\u00c3\u00bcr Grill und Pfanne, 200g Packung, (100g=1,15)', 'punkte_deutschlandcard': '0', 'zusatztext': '*Nicht in allen Filialen erhaeltlich. Alle weiteren Informationen der Firma und Anschrift Ihres teilnehmenden EDEKA-Marktes finden Sie unter www.edeka.de/marktsuche oder unter der Telefonnummer 0800 724 28 55 (kostenfrei aus dem dt. Fest- und Mobilfunknetz). Alle Angebote g\u00c3\u00bcltig bis Samstag, 17.04.2021, KW 15. Wir haben uns f\u00c3\u00bcr diesen Zeitraum ausreichend bevorratet. Bitte entschuldigen Sie, wenn die Artikel auf Grund der gro\u00c3\u0178en Nachfrage dennoch im Einzelfall ausverkauft sein sollten. Abgabe in haushalts\u00c3\u00bcblichen Mengen. F\u00c3\u00bcr Darstellungsfehler \u00c3\u00bcbernehmen wir keine Haftung. EDEKA-Markt Minden-Hannover GmbH, Wittelsbacherallee 61, 32427 Minden.', 'bild_web90': 'https://offer-images.api.edeka/abcda4a1-96f2-488c-a358-8c6202d8de52_pswhfbruzzzler_veggie.jpg', 'bild_web130': 'https://offer-images.api.edeka/051f2830-ff04-488f-ab9d-ee6145c80005_pswhfbruzzzler_veggie.jpg', 'bild_app': 'https://offer-images.api.edeka/b89885bf-1687-47c3-ad21-18f027b49da8_pswhfbruzzzler_veggie.jpg', 'warengruppe': 'Fleisch & Wurst', 'warengruppeid': 1, 'kriterien': None, 'sonderkennzeichen': None, 'zutaten': None, 'nachlass': None, 'genussplus': None, 'basicPrice': '100g=1,15', 'national': False, 'gueltig_bis': 1618610400000}, {'angebotid': 3072506, 'externeid': None, 'titel': 'Wiesenhof Gefl\u00c3\u00bcgel-Frischwurstaufschnitt', 'preis': 0.79, 'beschreibung': 'versch. Sorten, 80/100g Packung, (100g=0,99/0,79)', 'punkte_deutschlandcard': '0', 'zusatztext': '*Nicht in allen Filialen erhaeltlich. Alle weiteren Informationen der Firma und Anschrift Ihres teilnehmenden EDEKA-Marktes finden Sie unter www.edeka.de/marktsuche oder unter der Telefonnummer 0800 724 28 55 (kostenfrei aus dem dt. Fest- und Mobilfunknetz). Alle Angebote g\u00c3\u00bcltig bis Samstag, 17.04.2021, KW 15. Wir haben uns f\u00c3\u00bcr diesen Zeitraum ausreichend bevorratet. Bitte entschuldigen Sie, wenn die Artikel auf Grund der gro\u00c3\u0178en Nachfrage dennoch im Einzelfall ausverkauft sein sollten. Abgabe in haushalts\u00c3\u00bcblichen Mengen. F\u00c3\u00bcr Darstellungsfehler \u00c3\u00bcbernehmen wir keine Haftung. EDEKA-Markt Minden-Hannover GmbH, Wittelsbacherallee 61, 32427 Minden.', 'bild_web90': 'https://offer-images.api.edeka/c007bd7f-4727-4842-8a67-7af41d85dbb0_ps_whfgefluegel_mortadella.jpg', 'bild_web130': 'https://offer-images.api.edeka/409b352c-627b-4962-badc-5891f98f2b98_ps_whfgefluegel_mortadella.jpg', 'bild_app': 'https://offer-images.api.edeka/6568f5c7-e5cb-401d-9f43-b73505728ade_ps_whfgefluegel_mortadella.jpg', 'warengruppe': 'Fleisch & Wurst', 'warengruppeid': 1, 'kriterien': None, 'sonderkennzeichen': None, 'zutaten': None, 'nachlass': None, 'genussplus': None, 'basicPrice': '100g=0,99/0,79', 'national': False, 'gueltig_bis': 1618610400000}, {'angebotid': 3072509, 'externeid': None, 'titel': 'Zott Monte Snack', 'preis': 1.79, 'beschreibung': 'Milchsnack, versch. Sorten, 8x29g = 232g Packung, (100g=0,77)', 'punkte_deutschlandcard': '0', 'zusatztext': '*Nicht in allen Filialen erhaeltlich. Alle weiteren Informationen der Firma und Anschrift Ihres teilnehmenden EDEKA-Marktes finden Sie unter www.edeka.de/marktsuche oder unter der Telefonnummer 0800 724 28 55 (kostenfrei aus dem dt. Fest- und Mobilfunknetz). Alle Angebote g\u00c3\u00bcltig bis Samstag, 17.04.2021, KW 15. Wir haben uns f\u00c3\u00bcr diesen Zeitraum ausreichend bevorratet. Bitte entschuldigen Sie, wenn die Artikel auf Grund der gro\u00c3\u0178en Nachfrage dennoch im Einzelfall ausverkauft sein sollten. Abgabe in haushalts\u00c3\u00bcblichen Mengen. F\u00c3\u00bcr Darstellungsfehler \u00c3\u00bcbernehmen wir keine Haftung. EDEKA-Markt Minden-Hannover GmbH, Wittelsbacherallee 61, 32427 Minden.', 'bild_web90': 'https://offer-images.api.edeka/b9e8ad34-4ea3-4734-8a3c-208e815c9b28_4014500515502_PER.jpg', 'bild_web130': 'https://offer-images.api.edeka/34b99783-304c-45b7-b6e1-d0383f06efe2_4014500515502_PER.jpg', 'bild_app': 'https://offer-images.api.edeka/be375a7f-8623-43da-91ac-a80620762181_4014500515502_PER.jpg', 'warengruppe': 'Knabbern & Naschen', 'warengruppeid': 10, 'kriterien': None, 'sonderkennzeichen': None, 'zutaten': None, 'nachlass': None, 'genussplus': None, 'basicPrice': '100g=0,77', 'national': False, 'gueltig_bis': 1618610400000}, {'angebotid': 3072510, 'externeid': None, 'titel': 'Zum Dorfkrug Sylter Salatsauce', 'preis': 1.49, 'beschreibung': 'versch. Sorten, 250ml Flasche, (100ml=0,60)', 'punkte_deutschlandcard': '0', 'zusatztext': '*Nicht in allen Filialen erhaeltlich. Alle weiteren Informationen der Firma und Anschrift Ihres teilnehmenden EDEKA-Marktes finden Sie unter www.edeka.de/marktsuche oder unter der Telefonnummer 0800 724 28 55 (kostenfrei aus dem dt. Fest- und Mobilfunknetz). Alle Angebote g\u00c3\u00bcltig bis Samstag, 17.04.2021, KW 15. Wir haben uns f\u00c3\u00bcr diesen Zeitraum ausreichend bevorratet. Bitte entschuldigen Sie, wenn die Artikel auf Grund der gro\u00c3\u0178en Nachfrage dennoch im Einzelfall ausverkauft sein sollten. Abgabe in haushalts\u00c3\u00bcblichen Mengen. F\u00c3\u00bcr Darstellungsfehler \u00c3\u00bcbernehmen wir keine Haftung. EDEKA-Markt Minden-Hannover GmbH, Wittelsbacherallee 61, 32427 Minden.', 'bild_web90': 'https://offer-images.api.edeka/6d3e7f91-9782-486a-9d38-b2b41daab62a_rz_ssf_250ml_mdj.jpg', 'bild_web130': 'https://offer-images.api.edeka/5ec1d4de-b76c-43bc-a012-34437e7995cf_rz_ssf_250ml_mdj.jpg', 'bild_app': 'https://offer-images.api.edeka/b8c5e1ee-2b38-4c02-b9b0-a93c49ccc45e_rz_ssf_250ml_mdj.jpg', 'warengruppe': 'Molkerei & Kaese', 'warengruppeid': 3, 'kriterien': None, 'sonderkennzeichen': None, 'zutaten': None, 'nachlass': None, 'genussplus': None, 'basicPrice': '100ml=0,60', 'national': False, 'gueltig_bis': 1618610400000}, {'angebotid': 3072511, 'externeid': None, 'titel': 'Bauerngut Zartes Rinderfilet oder Filetsteak*', 'preis': 3.49, 'beschreibung': 'besonders mager und wunderbar zart, 100g', 'punkte_deutschlandcard': '0', 'zusatztext': '*Nicht in allen Filialen erhaeltlich. Alle weiteren Informationen der Firma und Anschrift Ihres teilnehmenden EDEKA-Marktes finden Sie unter www.edeka.de/marktsuche oder unter der Telefonnummer 0800 724 28 55 (kostenfrei aus dem dt. Fest- und Mobilfunknetz). Alle Angebote g\u00c3\u00bcltig bis Samstag, 17.04.2021, KW 15. Wir haben uns f\u00c3\u00bcr diesen Zeitraum ausreichend bevorratet. Bitte entschuldigen Sie, wenn die Artikel auf Grund der gro\u00c3\u0178en Nachfrage dennoch im Einzelfall ausverkauft sein sollten. Abgabe in haushalts\u00c3\u00bcblichen Mengen. F\u00c3\u00bcr Darstellungsfehler \u00c3\u00bcbernehmen wir keine Haftung. EDEKA-Markt Minden-Hannover GmbH, Wittelsbacherallee 61, 32427 Minden.', 'bild_web90': 'https://offer-images.api.edeka/52886eb5-36c6-4bc8-8d8d-8cc62e320a25_rinderfiletvorne1.jpg', 'bild_web130': 'https://offer-images.api.edeka/26aaff99-73bd-40c7-a973-29cdc346930f_rinderfiletvorne1.jpg', 'bild_app': 'https://offer-images.api.edeka/e08a950f-7042-4bbb-891f-8fc86b07f17c_rinderfiletvorne1.jpg', 'warengruppe': 'Fleisch & Wurst', 'warengruppeid': 1, 'kriterien': None, 'sonderkennzeichen': None, 'zutaten': None, 'nachlass': None, 'genussplus': None, 'basicPrice': None, 'national': False, 'gueltig_bis': 1618610400000}, {'angebotid': 3072512, 'externeid': None, 'titel': 'EDEKA Bio Sauerkonserven', 'preis': 2.79, 'beschreibung': 'gereifte Bio-Qualitaet, wunderbar zart, 100g', 'punkte_deutschlandcard': '0', 'zusatztext': '*Nicht in allen Filialen erhaeltlich. Alle weiteren Informationen der Firma und Anschrift Ihres teilnehmenden EDEKA-Marktes finden Sie unter www.edeka.de/marktsuche oder unter der Telefonnummer 0800 724 28 55 (kostenfrei aus dem dt. Fest- und Mobilfunknetz). Alle Angebote g\u00c3\u00bcltig bis Samstag, 17.04.2021, KW 15. Wir haben uns f\u00c3\u00bcr diesen Zeitraum ausreichend bevorratet. Bitte entschuldigen Sie, wenn die Artikel auf Grund der gro\u00c3\u0178en Nachfrage dennoch im Einzelfall ausverkauft sein sollten. Abgabe in haushalts\u00c3\u00bcblichen Mengen. F\u00c3\u00bcr Darstellungsfehler \u00c3\u00bcbernehmen wir keine Haftung. EDEKA-Markt Minden-Hannover GmbH, Wittelsbacherallee 61, 32427 Minden.', 'bild_web90': 'https://offer-images.api.edeka/9745a544-25c9-428f-9fdf-4f38226f3928_4008533060771.jpg', 'bild_web130': 'https://offer-images.api.edeka/6a7549f7-793a-483a-82fc-2817148d4c8b_4008533060771.jpg', 'bild_app': 'https://offer-images.api.edeka/040108ec-1292-4c00-aec1-cbd184fd1b8f_4008533060771.jpg', 'warengruppe': 'Fleisch & Wurst', 'warengruppeid': 1, 'kriterien': None, 'sonderkennzeichen': None, 'zutaten': None, 'nachlass': None, 'genussplus': None, 'basicPrice': None, 'national': False, 'gueltig_bis': 1618610400000}, {'angebotid': 3072513, 'externeid': None, 'titel': 'Duroc Spanische Duroc French Racks*', 'preis': 1.99, 'beschreibung': 'vom Schwein, die feine Marmorierung macht das Fleisch unglaublich zart und geschmackvoll, 100g', 'punkte_deutschlandcard': '0', 'zusatztext': '*Nicht in allen Filialen erhaeltlich. Alle weiteren Informationen der Firma und Anschrift Ihres teilnehmenden EDEKA-Marktes finden Sie unter www.edeka.de/marktsuche oder unter der Telefonnummer 0800 724 28 55 (kostenfrei aus dem dt. Fest- und Mobilfunknetz). Alle Angebote g\u00c3\u00bcltig bis Samstag, 17.04.2021, KW 15. Wir haben uns f\u00c3\u00bcr diesen Zeitraum ausreichend bevorratet. Bitte entschuldigen Sie, wenn die Artikel auf Grund der gro\u00c3\u0178en Nachfrage dennoch im Einzelfall ausverkauft sein sollten. Abgabe in haushalts\u00c3\u00bcblichen Mengen. F\u00c3\u00bcr Darstellungsfehler \u00c3\u00bcbernehmen wir keine Haftung. EDEKA-Markt Minden-Hannover GmbH, Wittelsbacherallee 61, 32427 Minden.', 'bild_web90': 'https://offer-images.api.edeka/2192c866-b8b7-4915-a828-76d8c79635eb_reichelt_duroc_schweine_french_racks.jpg', 'bild_web130': 'https://offer-images.api.edeka/27ef038e-0b68-49d8-9281-717fce0f0abc_reichelt_duroc_schweine_french_racks.jpg', 'bild_app': 'https://offer-images.api.edeka/c778160a-e440-444c-a49b-4b5bacd60819_reichelt_duroc_schweine_french_racks.jpg', 'warengruppe': 'Fleisch & Wurst', 'warengruppeid': 1, 'kriterien': None, 'sonderkennzeichen': None, 'zutaten': None, 'nachlass': None, 'genussplus': None, 'basicPrice': None, 'national': False, 'gueltig_bis': 1618610400000}, {'angebotid': 3072514, 'externeid': None, 'titel': 'Bauerngut Bockwurst*', 'preis': 0.59, 'beschreibung': 'in verschiedenen Geschmacksvarianten, knackfrisch und lecker, 100g', 'punkte_deutschlandcard': '0', 'zusatztext': '*Nicht in allen Filialen erhaeltlich. Alle weiteren Informationen der Firma und Anschrift Ihres teilnehmenden EDEKA-Marktes finden Sie unter www.edeka.de/marktsuche oder unter der Telefonnummer 0800 724 28 55 (kostenfrei aus dem dt. Fest- und Mobilfunknetz). Alle Angebote g\u00c3\u00bcltig bis Samstag, 17.04.2021, KW 15. Wir haben uns f\u00c3\u00bcr diesen Zeitraum ausreichend bevorratet. Bitte entschuldigen Sie, wenn die Artikel auf Grund der gro\u00c3\u0178en Nachfrage dennoch im Einzelfall ausverkauft sein sollten. Abgabe in haushalts\u00c3\u00bcblichen Mengen. F\u00c3\u00bcr Darstellungsfehler \u00c3\u00bcbernehmen wir keine Haftung. EDEKA-Markt Minden-Hannover GmbH, Wittelsbacherallee 61, 32427 Minden.', 'bild_web90': 'https://offer-images.api.edeka/4c818326-aa5e-44a0-a680-796386592981_bockwurst1_001.jpg', 'bild_web130': 'https://offer-images.api.edeka/5f3c2172-cb33-4c74-9c56-831073e2252c_bockwurst1_001.jpg', 'bild_app': 'https://offer-images.api.edeka/b6f46782-00b0-408d-b2f7-1213994d91df_bockwurst1_001.jpg', 'warengruppe': 'Fleisch & Wurst', 'warengruppeid': 1, 'kriterien': None, 'sonderkennzeichen': None, 'zutaten': None, 'nachlass': None, 'genussplus': None, 'basicPrice': None, 'national': False, 'gueltig_bis': 1618610400000}, {'angebotid': 3072515, 'externeid': None, 'titel': 'Bauerngut Sportsalami oder Sportsalami mit Gefl\u00c3\u00bcgel*', 'preis': 1.49, 'beschreibung': 'fettreduziert, aber voll im Geschmack, 100g', 'punkte_deutschlandcard': '0', 'zusatztext': '*Nicht in allen Filialen erhaeltlich. Alle weiteren Informationen der Firma und Anschrift Ihres teilnehmenden EDEKA-Marktes finden Sie unter www.edeka.de/marktsuche oder unter der Telefonnummer 0800 724 28 55 (kostenfrei aus dem dt. Fest- und Mobilfunknetz). Alle Angebote g\u00c3\u00bcltig bis Samstag, 17.04.2021, KW 15. Wir haben uns f\u00c3\u00bcr diesen Zeitraum ausreichend bevorratet. Bitte entschuldigen Sie, wenn die Artikel auf Grund der gro\u00c3\u0178en Nachfrage dennoch im Einzelfall ausverkauft sein sollten. Abgabe in haushalts\u00c3\u00bcblichen Mengen. F\u00c3\u00bcr Darstellungsfehler \u00c3\u00bcbernehmen wir keine Haftung. EDEKA-Markt Minden-Hannover GmbH, Wittelsbacherallee 61, 32427 Minden.', 'bild_web90': 'https://offer-images.api.edeka/2571ea25-0e57-4666-8845-a252c23f0b6b_Sportsalami_Gefluegelsportsalami.jpg', 'bild_web130': 'https://offer-images.api.edeka/e39c3ab9-5dbc-411b-aa55-638efcfd35d6_Sportsalami_Gefluegelsportsalami.jpg', 'bild_app': 'https://offer-images.api.edeka/06808201-bfd6-4416-bd90-bfe7e132b7df_Sportsalami_Gefluegelsportsalami.jpg', 'warengruppe': 'Fleisch & Wurst', 'warengruppeid': 1, 'kriterien': None, 'sonderkennzeichen': None, 'zutaten': None, 'nachlass': None, 'genussplus': None, 'basicPrice': None, 'national': False, 'gueltig_bis': 1618610400000}, {'angebotid': 3072516, 'externeid': None, 'titel': 'Bauerngut Frische Rostbratwurst \"Fraenkische Art\"*', 'preis': 0.89, 'beschreibung': 'zum Braten und Grillen, hergestellt aus bestem Schweinefleisch, 100g', 'punkte_deutschlandcard': '0', 'zusatztext': '*Nicht in allen Filialen erhaeltlich. Alle weiteren Informationen der Firma und Anschrift Ihres teilnehmenden EDEKA-Marktes finden Sie unter www.edeka.de/marktsuche oder unter der Telefonnummer 0800 724 28 55 (kostenfrei aus dem dt. Fest- und Mobilfunknetz). Alle Angebote g\u00c3\u00bcltig bis Samstag, 17.04.2021, KW 15. Wir haben uns f\u00c3\u00bcr diesen Zeitraum ausreichend bevorratet. Bitte entschuldigen Sie, wenn die Artikel auf Grund der gro\u00c3\u0178en Nachfrage dennoch im Einzelfall ausverkauft sein sollten. Abgabe in haushalts\u00c3\u00bcblichen Mengen. F\u00c3\u00bcr Darstellungsfehler \u00c3\u00bcbernehmen wir keine Haftung. EDEKA-Markt Minden-Hannover GmbH, Wittelsbacherallee 61, 32427 Minden.', 'bild_web90': 'https://offer-images.api.edeka/a7f48c7a-8baa-483a-a1ef-069036f58827_reichelt_bratwurst_trio_fraenkische.jpg', 'bild_web130': 'https://offer-images.api.edeka/3f86f454-e3e2-4f7d-8d33-da8eb3f9e69f_reichelt_bratwurst_trio_fraenkische.jpg', 'bild_app': 'https://offer-images.api.edeka/9db3c992-7c1f-4998-adc9-b81c5733d11c_reichelt_bratwurst_trio_fraenkische.jpg', 'warengruppe': 'Fleisch & Wurst', 'warengruppeid': 1, 'kriterien': None, 'sonderkennzeichen': None, 'zutaten': None, 'nachlass': None, 'genussplus': None, 'basicPrice': None, 'national': False, 'gueltig_bis': 1618610400000}, {'angebotid': 3072517, 'externeid': None, 'titel': 'Spanien Spargel gr\u00c3\u00bcn', 'preis': 2.49, 'beschreibung': '12-16mm, Kl. I, 400g Bund, (1kg=6,23)', 'punkte_deutschlandcard': '0', 'zusatztext': '*Nicht in allen Filialen erhaeltlich. Alle weiteren Informationen der Firma und Anschrift Ihres teilnehmenden EDEKA-Marktes finden Sie unter www.edeka.de/marktsuche oder unter der Telefonnummer 0800 724 28 55 (kostenfrei aus dem dt. Fest- und Mobilfunknetz). Alle Angebote g\u00c3\u00bcltig bis Samstag, 17.04.2021, KW 15. Wir haben uns f\u00c3\u00bcr diesen Zeitraum ausreichend bevorratet. Bitte entschuldigen Sie, wenn die Artikel auf Grund der gro\u00c3\u0178en Nachfrage dennoch im Einzelfall ausverkauft sein sollten. Abgabe in haushalts\u00c3\u00bcblichen Mengen. F\u00c3\u00bcr Darstellungsfehler \u00c3\u00bcbernehmen wir keine Haftung. EDEKA-Markt Minden-Hannover GmbH, Wittelsbacherallee 61, 32427 Minden.', 'bild_web90': 'https://offer-images.api.edeka/2717c516-0781-4fef-a85b-766b9a650b27_66780426_spargel_gruen.jpg', 'bild_web130': 'https://offer-images.api.edeka/778d86a1-2ee4-49e4-a030-7a9f84a79f2b_66780426_spargel_gruen.jpg', 'bild_app': 'https://offer-images.api.edeka/dd890027-002e-4071-ba56-0b35be4d2594_66780426_spargel_gruen.jpg', 'warengruppe': 'Obst & Gem\u00c3\u00bcse', 'warengruppeid': 4, 'kriterien': None, 'sonderkennzeichen': None, 'zutaten': None, 'nachlass': None, 'genussplus': None, 'basicPrice': '1kg=6,23', 'national': False, 'gueltig_bis': 1618610400000}, {'angebotid': 3072518, 'externeid': None, 'titel': 'Deutschland Rhabarber', 'preis': 1.99, 'beschreibung': 'Kl. I, 1kg', 'punkte_deutschlandcard': '0', 'zusatztext': '*Nicht in allen Filialen erhaeltlich. Alle weiteren Informationen der Firma und Anschrift Ihres teilnehmenden EDEKA-Marktes finden Sie unter www.edeka.de/marktsuche oder unter der Telefonnummer 0800 724 28 55 (kostenfrei aus dem dt. Fest- und Mobilfunknetz). Alle Angebote g\u00c3\u00bcltig bis Samstag, 17.04.2021, KW 15. Wir haben uns f\u00c3\u00bcr diesen Zeitraum ausreichend bevorratet. Bitte entschuldigen Sie, wenn die Artikel auf Grund der gro\u00c3\u0178en Nachfrage dennoch im Einzelfall ausverkauft sein sollten. Abgabe in haushalts\u00c3\u00bcblichen Mengen. F\u00c3\u00bcr Darstellungsfehler \u00c3\u00bcbernehmen wir keine Haftung. EDEKA-Markt Minden-Hannover GmbH, Wittelsbacherallee 61, 32427 Minden.', 'bild_web90': 'https://offer-images.api.edeka/815e1571-0054-46ce-a2a9-a1c36a448632_4566_rhabarber_lose.jpg', 'bild_web130': 'https://offer-images.api.edeka/5f96502f-40c9-412b-a265-44fb86be2edc_4566_rhabarber_lose.jpg', 'bild_app': 'https://offer-images.api.edeka/f22d6443-c089-4cc1-8ba2-c01c0ac21232_4566_rhabarber_lose.jpg', 'warengruppe': 'Obst & Gem\u00c3\u00bcse', 'warengruppeid': 4, 'kriterien': None, 'sonderkennzeichen': None, 'zutaten': None, 'nachlass': None, 'genussplus': None, 'basicPrice': None, 'national': False, 'gueltig_bis': 1618610400000}, {'angebotid': 3072519, 'externeid': None, 'titel': 'Deutschland Tafelaepfel \"Kanzi\"', 'preis': 1.99, 'beschreibung': 'Geschmack: s\u00c3\u00bc\u00c3\u0178-saeuerlich, Kl. I, 750g Pappschachtel, (1kg=2,65)', 'punkte_deutschlandcard': '0', 'zusatztext': '*Nicht in allen Filialen erhaeltlich. Alle weiteren Informationen der Firma und Anschrift Ihres teilnehmenden EDEKA-Marktes finden Sie unter www.edeka.de/marktsuche oder unter der Telefonnummer 0800 724 28 55 (kostenfrei aus dem dt. Fest- und Mobilfunknetz). Alle Angebote g\u00c3\u00bcltig bis Samstag, 17.04.2021, KW 15. Wir haben uns f\u00c3\u00bcr diesen Zeitraum ausreichend bevorratet. Bitte entschuldigen Sie, wenn die Artikel auf Grund der gro\u00c3\u0178en Nachfrage dennoch im Einzelfall ausverkauft sein sollten. Abgabe in haushalts\u00c3\u00bcblichen Mengen. F\u00c3\u00bcr Darstellungsfehler \u00c3\u00bcbernehmen wir keine Haftung. EDEKA-Markt Minden-Hannover GmbH, Wittelsbacherallee 61, 32427 Minden.', 'bild_web90': 'https://offer-images.api.edeka/2926c686-e03d-494d-9618-79ab91d35ec3_kanzi_6er_foodt_neu_2.jpg', 'bild_web130': 'https://offer-images.api.edeka/e982c25f-dc21-4715-9c8e-4058e7aa6ad0_kanzi_6er_foodt_neu_2.jpg', 'bild_app': 'https://offer-images.api.edeka/dfc585ff-61e8-432a-9d35-665023c00533_kanzi_6er_foodt_neu_2.jpg', 'warengruppe': 'Obst & Gem\u00c3\u00bcse', 'warengruppeid': 4, 'kriterien': None, 'sonderkennzeichen': None, 'zutaten': None, 'nachlass': None, 'genussplus': None, 'basicPrice': '1kg=2,65', 'national': False, 'gueltig_bis': 1618610400000}, {'angebotid': 3072520, 'externeid': None, 'titel': 'LED-Solargartenlichter', 'preis': 9.99, 'beschreibung': 'unterschiedliche Ausf\u00c3\u00bchrungen, verschiedene Farben, LED-Solar-Tischleuchte, mit 5 warmwei\u00c3\u0178en LEDs, H\u00c3\u00b6he: ca. 28,5 cm', 'punkte_deutschlandcard': '0', 'zusatztext': '*Nicht in allen Filialen erhaeltlich. Alle weiteren Informationen der Firma und Anschrift Ihres teilnehmenden EDEKA-Marktes finden Sie unter www.edeka.de/marktsuche oder unter der Telefonnummer 0800 724 28 55 (kostenfrei aus dem dt. Fest- und Mobilfunknetz). Alle Angebote g\u00c3\u00bcltig bis Samstag, 17.04.2021, KW 15. Wir haben uns f\u00c3\u00bcr diesen Zeitraum ausreichend bevorratet. Bitte entschuldigen Sie, wenn die Artikel auf Grund der gro\u00c3\u0178en Nachfrage dennoch im Einzelfall ausverkauft sein sollten. Abgabe in haushalts\u00c3\u00bcblichen Mengen. F\u00c3\u00bcr Darstellungsfehler \u00c3\u00bcbernehmen wir keine Haftung. EDEKA-Markt Minden-Hannover GmbH, Wittelsbacherallee 61, 32427 Minden.', 'bild_web90': 'https://offer-images.api.edeka/ab4f7707-3741-4012-8112-5214f9ca8307_884620048822_PER05_EK77.jpg', 'bild_web130': 'https://offer-images.api.edeka/3da75a8b-9289-47fd-8526-6e18ad01c8d5_884620048822_PER05_EK77.jpg', 'bild_app': 'https://offer-images.api.edeka/ec7087cb-9b6d-45c9-828d-897d59d4b9d1_884620048822_PER05_EK77.jpg', 'warengruppe': 'Non-Food', 'warengruppeid': 8, 'kriterien': None, 'sonderkennzeichen': None, 'zutaten': None, 'nachlass': None, 'genussplus': None, 'basicPrice': None, 'national': False, 'gueltig_bis': 1618610400000}, {'angebotid': 3072521, 'externeid': None, 'titel': 'Solarleuchte', 'preis': 2.99, 'beschreibung': 'Kugel aus Echtglas (\u00c3\u02dc ca. 8 cm), Edelstahlgehaeuse, Einschaltautomatik und Erdspie\u00c3\u0178, spritzwassergesch\u00c3\u00bctzt, warmwei\u00c3\u0178 oder mit Farbwechsel', 'punkte_deutschlandcard': '0', 'zusatztext': '*Nicht in allen Filialen erhaeltlich. Alle weiteren Informationen der Firma und Anschrift Ihres teilnehmenden EDEKA-Marktes finden Sie unter www.edeka.de/marktsuche oder unter der Telefonnummer 0800 724 28 55 (kostenfrei aus dem dt. Fest- und Mobilfunknetz). Alle Angebote g\u00c3\u00bcltig bis Samstag, 17.04.2021, KW 15. Wir haben uns f\u00c3\u00bcr diesen Zeitraum ausreichend bevorratet. Bitte entschuldigen Sie, wenn die Artikel auf Grund der gro\u00c3\u0178en Nachfrage dennoch im Einzelfall ausverkauft sein sollten. Abgabe in haushalts\u00c3\u00bcblichen Mengen. F\u00c3\u00bcr Darstellungsfehler \u00c3\u00bcbernehmen wir keine Haftung. EDEKA-Markt Minden-Hannover GmbH, Wittelsbacherallee 61, 32427 Minden.', 'bild_web90': 'https://offer-images.api.edeka/3021318f-478e-44c2-93c6-dc0d52705022_4311536130908_PER02_EK77.jpg', 'bild_web130': 'https://offer-images.api.edeka/9e06ea0e-1f84-477a-9ecd-3d8a8e96145a_4311536130908_PER02_EK77.jpg', 'bild_app': 'https://offer-images.api.edeka/5351632e-7f25-4f91-bc60-fce9f021e19f_4311536130908_PER02_EK77.jpg', 'warengruppe': 'Non-Food', 'warengruppeid': 8, 'kriterien': None, 'sonderkennzeichen': None, 'zutaten': None, 'nachlass': None, 'genussplus': None, 'basicPrice': None, 'national': False, 'gueltig_bis': 1618610400000}, {'angebotid': 3072522, 'externeid': None, 'titel': 'Solarwindspiel', 'preis': 7.99, 'beschreibung': 'mit Farbwechsel, Edelstahlreifen drehen sich im Wind, Einschaltautomatik bei einsetzender Daemmerung, f\u00c3\u00bcr Balkon, Terrasse und Garten, Gesamtlaenge (haengend): ca. 50 cm', 'punkte_deutschlandcard': '0', 'zusatztext': '*Nicht in allen Filialen erhaeltlich. Alle weiteren Informationen der Firma und Anschrift Ihres teilnehmenden EDEKA-Marktes finden Sie unter www.edeka.de/marktsuche oder unter der Telefonnummer 0800 724 28 55 (kostenfrei aus dem dt. Fest- und Mobilfunknetz). Alle Angebote g\u00c3\u00bcltig bis Samstag, 17.04.2021, KW 15. Wir haben uns f\u00c3\u00bcr diesen Zeitraum ausreichend bevorratet. Bitte entschuldigen Sie, wenn die Artikel auf Grund der gro\u00c3\u0178en Nachfrage dennoch im Einzelfall ausverkauft sein sollten. Abgabe in haushalts\u00c3\u00bcblichen Mengen. F\u00c3\u00bcr Darstellungsfehler \u00c3\u00bcbernehmen wir keine Haftung. EDEKA-Markt Minden-Hannover GmbH, Wittelsbacherallee 61, 32427 Minden.', 'bild_web90': 'https://offer-images.api.edeka/12211f07-c27c-4657-ae42-3ecec5606897_4311536132704_PER06_EK77.jpg', 'bild_web130': 'https://offer-images.api.edeka/4c3dc71a-c37a-4178-995d-aea70aae3f55_4311536132704_PER06_EK77.jpg', 'bild_app': 'https://offer-images.api.edeka/258afade-a577-4ae4-bd0d-616c6a36575c_4311536132704_PER06_EK77.jpg', 'warengruppe': 'Non-Food', 'warengruppeid': 8, 'kriterien': None, 'sonderkennzeichen': None, 'zutaten': None, 'nachlass': None, 'genussplus': None, 'basicPrice': None, 'national': False, 'gueltig_bis': 1618610400000}, {'angebotid': 3072523, 'externeid': None, 'titel': 'LED-Edelstahlsolarfackeln', 'preis': 9.99, 'beschreibung': 'mit Solarpanel und Erdspie\u00c3\u0178, Einschaltautomatik bei einsetzender Daemmerung, spritzwassergesch\u00c3\u00bctzt, z.B.: Flammenform, H\u00c3\u00b6he ca. 113cm, in Edelstahl geb\u00c3\u00bcrstet oder pulverbeschichtet.', 'punkte_deutschlandcard': '0', 'zusatztext': '*Nicht in allen Filialen erhaeltlich. Alle weiteren Informationen der Firma und Anschrift Ihres teilnehmenden EDEKA-Marktes finden Sie unter www.edeka.de/marktsuche oder unter der Telefonnummer 0800 724 28 55 (kostenfrei aus dem dt. Fest- und Mobilfunknetz). Alle Angebote g\u00c3\u00bcltig bis Samstag, 17.04.2021, KW 15. Wir haben uns f\u00c3\u00bcr diesen Zeitraum ausreichend bevorratet. Bitte entschuldigen Sie, wenn die Artikel auf Grund der gro\u00c3\u0178en Nachfrage dennoch im Einzelfall ausverkauft sein sollten. Abgabe in haushalts\u00c3\u00bcblichen Mengen. F\u00c3\u00bcr Darstellungsfehler \u00c3\u00bcbernehmen wir keine Haftung. EDEKA-Markt Minden-Hannover GmbH, Wittelsbacherallee 61, 32427 Minden.', 'bild_web90': 'https://offer-images.api.edeka/53f6aa13-2a32-4830-b2e2-db52d767e3c2_4311536132773_PER03_EK77.jpg', 'bild_web130': 'https://offer-images.api.edeka/474a3dfe-6497-4f06-bb04-c93ef5136bc2_4311536132773_PER03_EK77.jpg', 'bild_app': 'https://offer-images.api.edeka/cfca3d46-f36f-4c4f-b99c-bb1aa00aa389_4311536132773_PER03_EK77.jpg', 'warengruppe': 'Non-Food', 'warengruppeid': 8, 'kriterien': None, 'sonderkennzeichen': None, 'zutaten': None, 'nachlass': None, 'genussplus': None, 'basicPrice': None, 'national': False, 'gueltig_bis': 1618610400000}, {'angebotid': 3072524, 'externeid': None, 'titel': 'ENDERS \"CHICAGO 3R TURBO\" Gasgrill', 'preis': 249.99, 'beschreibung': 'TURBO ZONE: erreicht turboschnell Temperaturen von \u00c3\u00bcber 400 ?C am Rost, emaillierter, gu\u00c3\u0178eiserner Grillrost, 3 Edelstahlbrenner (2x 3,2 kW, 1x 4,1 kW), abklappbare Seitentische', 'punkte_deutschlandcard': '0', 'zusatztext': '*Nicht in allen Filialen erhaeltlich. Alle weiteren Informationen der Firma und Anschrift Ihres teilnehmenden EDEKA-Marktes finden Sie unter www.edeka.de/marktsuche oder unter der Telefonnummer 0800 724 28 55 (kostenfrei aus dem dt. Fest- und Mobilfunknetz). Alle Angebote g\u00c3\u00bcltig bis Samstag, 17.04.2021, KW 15. Wir haben uns f\u00c3\u00bcr diesen Zeitraum ausreichend bevorratet. Bitte entschuldigen Sie, wenn die Artikel auf Grund der gro\u00c3\u0178en Nachfrage dennoch im Einzelfall ausverkauft sein sollten. Abgabe in haushalts\u00c3\u00bcblichen Mengen. F\u00c3\u00bcr Darstellungsfehler \u00c3\u00bcbernehmen wir keine Haftung. EDEKA-Markt Minden-Hannover GmbH, Wittelsbacherallee 61, 32427 Minden.', 'bild_web90': 'https://offer-images.api.edeka/49426745-aca8-4ed6-a4b7-33b441bef3d2_4000591998973_PER03_EK89.jpg', 'bild_web130': 'https://offer-images.api.edeka/8e6e118c-4c94-4119-8638-17c2fff44da1_4000591998973_PER03_EK89.jpg', 'bild_app': 'https://offer-images.api.edeka/8f11f38a-cc5b-481d-adb6-96f594a1e3d5_4000591998973_PER03_EK89.jpg', 'warengruppe': 'Non-Food', 'warengruppeid': 8, 'kriterien': None, 'sonderkennzeichen': None, 'zutaten': None, 'nachlass': None, 'genussplus': None, 'basicPrice': None, 'national': False, 'gueltig_bis': 1618610400000}, {'angebotid': 3072525, 'externeid': None, 'titel': 'SAMSUNG \"GALAXY TAB A7\" Tablet', 'preis': 199.0, 'beschreibung': 'Diagonale: 10,4\"/26,31 cm, TFT-WUXGA+-Display, minimalistisches Metalldesign mit Surround-Sound, Qualcomm Snapdragon 662 Octa-Core-Prozessor', 'punkte_deutschlandcard': '0', 'zusatztext': '*Nicht in allen Filialen erhaeltlich. Alle weiteren Informationen der Firma und Anschrift Ihres teilnehmenden EDEKA-Marktes finden Sie unter www.edeka.de/marktsuche oder unter der Telefonnummer 0800 724 28 55 (kostenfrei aus dem dt. Fest- und Mobilfunknetz). Alle Angebote g\u00c3\u00bcltig bis Samstag, 17.04.2021, KW 15. Wir haben uns f\u00c3\u00bcr diesen Zeitraum ausreichend bevorratet. Bitte entschuldigen Sie, wenn die Artikel auf Grund der gro\u00c3\u0178en Nachfrage dennoch im Einzelfall ausverkauft sein sollten. Abgabe in haushalts\u00c3\u00bcblichen Mengen. F\u00c3\u00bcr Darstellungsfehler \u00c3\u00bcbernehmen wir keine Haftung. EDEKA-Markt Minden-Hannover GmbH, Wittelsbacherallee 61, 32427 Minden.', 'bild_web90': 'https://offer-images.api.edeka/a633c6b9-41ce-4519-bfc2-e1869c49e8a3_tabA7.jpg', 'bild_web130': 'https://offer-images.api.edeka/281bb995-3fb4-4a8c-a7d7-fcf15e34d3c4_tabA7.jpg', 'bild_app': 'https://offer-images.api.edeka/87f50919-0615-4528-83f7-c6e9cf6f98d5_tabA7.jpg', 'warengruppe': 'Non-Food', 'warengruppeid': 8, 'kriterien': None, 'sonderkennzeichen': None, 'zutaten': None, 'nachlass': None, 'genussplus': None, 'basicPrice': None, 'national': False, 'gueltig_bis': 1618610400000}, {'angebotid': 3072526, 'externeid': None, 'titel': 'DAVID SAFIER Miss Merkel', 'preis': 16.0, 'beschreibung': 'Buch-Tipp', 'punkte_deutschlandcard': '0', 'zusatztext': '*Nicht in allen Filialen erhaeltlich. Alle weiteren Informationen der Firma und Anschrift Ihres teilnehmenden EDEKA-Marktes finden Sie unter www.edeka.de/marktsuche oder unter der Telefonnummer 0800 724 28 55 (kostenfrei aus dem dt. Fest- und Mobilfunknetz). Alle Angebote g\u00c3\u00bcltig bis Samstag, 17.04.2021, KW 15. Wir haben uns f\u00c3\u00bcr diesen Zeitraum ausreichend bevorratet. Bitte entschuldigen Sie, wenn die Artikel auf Grund der gro\u00c3\u0178en Nachfrage dennoch im Einzelfall ausverkauft sein sollten. Abgabe in haushalts\u00c3\u00bcblichen Mengen. F\u00c3\u00bcr Darstellungsfehler \u00c3\u00bcbernehmen wir keine Haftung. EDEKA-Markt Minden-Hannover GmbH, Wittelsbacherallee 61, 32427 Minden.', 'bild_web90': 'https://offer-images.api.edeka/70a967a8-6e5c-49c0-963e-15599b6e700b_9783463406657_PER_EK73.jpg', 'bild_web130': 'https://offer-images.api.edeka/08fa2807-590b-4818-98de-8a7ba8d30e83_9783463406657_PER_EK73.jpg', 'bild_app': 'https://offer-images.api.edeka/90c700f6-498b-40c8-85f9-760b67243faa_9783463406657_PER_EK73.jpg', 'warengruppe': 'Non-Food', 'warengruppeid': 8, 'kriterien': None, 'sonderkennzeichen': None, 'zutaten': None, 'nachlass': None, 'genussplus': None, 'basicPrice': None, 'national': False, 'gueltig_bis': 1618610400000}, {'angebotid': 3072527, 'externeid': None, 'titel': 'Ben Zucker - Jetzt erst recht!', 'preis': 14.99, 'beschreibung': 'Musik-Tipp, CD, neu+ 2 Bonus-Tracks', 'punkte_deutschlandcard': '0', 'zusatztext': '*Nicht in allen Filialen erhaeltlich. Alle weiteren Informationen der Firma und Anschrift Ihres teilnehmenden EDEKA-Marktes finden Sie unter www.edeka.de/marktsuche oder unter der Telefonnummer 0800 724 28 55 (kostenfrei aus dem dt. Fest- und Mobilfunknetz). Alle Angebote g\u00c3\u00bcltig bis Samstag, 17.04.2021, KW 15. Wir haben uns f\u00c3\u00bcr diesen Zeitraum ausreichend bevorratet. Bitte entschuldigen Sie, wenn die Artikel auf Grund der gro\u00c3\u0178en Nachfrage dennoch im Einzelfall ausverkauft sein sollten. Abgabe in haushalts\u00c3\u00bcblichen Mengen. F\u00c3\u00bcr Darstellungsfehler \u00c3\u00bcbernehmen wir keine Haftung. EDEKA-Markt Minden-Hannover GmbH, Wittelsbacherallee 61, 32427 Minden.', 'bild_web90': 'https://offer-images.api.edeka/d9affc2c-2169-4621-b0bd-2d1dcd2eacba_4009496101846_PER06_EK83.jpg', 'bild_web130': 'https://offer-images.api.edeka/41e00286-bed2-487d-83cb-baa597b9884d_4009496101846_PER06_EK83.jpg', 'bild_app': 'https://offer-images.api.edeka/d26e9d29-1b5b-4964-bece-c1b545fd84d3_4009496101846_PER06_EK83.jpg', 'warengruppe': 'Non-Food', 'warengruppeid': 8, 'kriterien': None, 'sonderkennzeichen': None, 'zutaten': None, 'nachlass': None, 'genussplus': None, 'basicPrice': None, 'national': False, 'gueltig_bis': 1618610400000}, {'angebotid': 3072529, 'externeid': None, 'titel': 'DENVER \"WCT-5001\" Digitale Wildkamera', 'preis': 39.95, 'beschreibung': '5 MP CMOS-Sensor, 90?-Blickwinkel und automatische Bewegungserkennung, Infrarot-LEDs f\u00c3\u00bcr Nachtsichtfunktion, wassergesch\u00c3\u00bctzt nach IP65, bis zu 3 Monate Standby-Zeit', 'punkte_deutschlandcard': '0', 'zusatztext': '*Nicht in allen Filialen erhaeltlich. Alle weiteren Informationen der Firma und Anschrift Ihres teilnehmenden EDEKA-Marktes finden Sie unter www.edeka.de/marktsuche oder unter der Telefonnummer 0800 724 28 55 (kostenfrei aus dem dt. Fest- und Mobilfunknetz). Alle Angebote g\u00c3\u00bcltig bis Samstag, 17.04.2021, KW 15. Wir haben uns f\u00c3\u00bcr diesen Zeitraum ausreichend bevorratet. Bitte entschuldigen Sie, wenn die Artikel auf Grund der gro\u00c3\u0178en Nachfrage dennoch im Einzelfall ausverkauft sein sollten. Abgabe in haushalts\u00c3\u00bcblichen Mengen. F\u00c3\u00bcr Darstellungsfehler \u00c3\u00bcbernehmen wir keine Haftung. EDEKA-Markt Minden-Hannover GmbH, Wittelsbacherallee 61, 32427 Minden.', 'bild_web90': 'https://offer-images.api.edeka/3b34a1e8-b99f-4486-ba3c-a2caf52d8f02_5706751039607_PER_EK82.jpg', 'bild_web130': 'https://offer-images.api.edeka/8f4bf828-b792-4164-9de4-ae869668f4b7_5706751039607_PER_EK82.jpg', 'bild_app': 'https://offer-images.api.edeka/6b8e52b9-3807-4335-8f28-c2aba1fcd17a_5706751039607_PER_EK82.jpg', 'warengruppe': 'Non-Food', 'warengruppeid': 8, 'kriterien': None, 'sonderkennzeichen': None, 'zutaten': None, 'nachlass': None, 'genussplus': None, 'basicPrice': None, 'national': False, 'gueltig_bis': 1618610400000}, {'angebotid': 3072530, 'externeid': None, 'titel': 'Hochbeet mit Deckel', 'preis': 29.95, 'beschreibung': 'UV- und witterungsbestaendig, Fassungsverm\u00c3\u00b6gen: 52 Liter, ideal f\u00c3\u00bcr Balkon, Terrasse und Garten, mit Deckel zum Schutz der Pflanzen f\u00c3\u00bcr ein schnelles Wachstum', 'punkte_deutschlandcard': '0', 'zusatztext': '*Nicht in allen Filialen erhaeltlich. Alle weiteren Informationen der Firma und Anschrift Ihres teilnehmenden EDEKA-Marktes finden Sie unter www.edeka.de/marktsuche oder unter der Telefonnummer 0800 724 28 55 (kostenfrei aus dem dt. Fest- und Mobilfunknetz). Alle Angebote g\u00c3\u00bcltig bis Samstag, 17.04.2021, KW 15. Wir haben uns f\u00c3\u00bcr diesen Zeitraum ausreichend bevorratet. Bitte entschuldigen Sie, wenn die Artikel auf Grund der gro\u00c3\u0178en Nachfrage dennoch im Einzelfall ausverkauft sein sollten. Abgabe in haushalts\u00c3\u00bcblichen Mengen. F\u00c3\u00bcr Darstellungsfehler \u00c3\u00bcbernehmen wir keine Haftung. EDEKA-Markt Minden-Hannover GmbH, Wittelsbacherallee 61, 32427 Minden.', 'bild_web90': 'https://offer-images.api.edeka/2154a25f-39d7-40be-97a0-79077d604b1a_4311536223235_PER08_EK77.jpg', 'bild_web130': 'https://offer-images.api.edeka/60764e4d-b2f1-4482-b68f-75f8a60ee9c1_4311536223235_PER08_EK77.jpg', 'bild_app': 'https://offer-images.api.edeka/f0c452b3-3640-4143-9921-93aed36349af_4311536223235_PER08_EK77.jpg', 'warengruppe': 'Non-Food', 'warengruppeid': 8, 'kriterien': None, 'sonderkennzeichen': None, 'zutaten': None, 'nachlass': None, 'genussplus': None, 'basicPrice': None, 'national': False, 'gueltig_bis': 1618610400000}, {'angebotid': 3072531, 'externeid': None, 'titel': 'K\u00c3\u201eRCHER \"WV 1 PLUS\" Fenstersauger', 'preis': 49.95, 'beschreibung': 'm\u00c3\u00bcheloses, streifenfreies Fensterputzen, LED-Anzeige am Ein-/Ausschalter mit Akkustandsanzeige, Li-Ion-Akku, Akkulaufzeit: ca. 25 Min., inkl. Spr\u00c3\u00bchflasche', 'punkte_deutschlandcard': '0', 'zusatztext': '*Nicht in allen Filialen erhaeltlich. Alle weiteren Informationen der Firma und Anschrift Ihres teilnehmenden EDEKA-Marktes finden Sie unter www.edeka.de/marktsuche oder unter der Telefonnummer 0800 724 28 55 (kostenfrei aus dem dt. Fest- und Mobilfunknetz). Alle Angebote g\u00c3\u00bcltig bis Samstag, 17.04.2021, KW 15. Wir haben uns f\u00c3\u00bcr diesen Zeitraum ausreichend bevorratet. Bitte entschuldigen Sie, wenn die Artikel auf Grund der gro\u00c3\u0178en Nachfrage dennoch im Einzelfall ausverkauft sein sollten. Abgabe in haushalts\u00c3\u00bcblichen Mengen. F\u00c3\u00bcr Darstellungsfehler \u00c3\u00bcbernehmen wir keine Haftung. EDEKA-Markt Minden-Hannover GmbH, Wittelsbacherallee 61, 32427 Minden.', 'bild_web90': 'https://offer-images.api.edeka/09e468c2-995a-4fa6-897e-bb549df9299e_4054278646398_PER_EK091.jpg', 'bild_web130': 'https://offer-images.api.edeka/932093b4-fa06-4685-b223-8bb60736f168_4054278646398_PER_EK091.jpg', 'bild_app': 'https://offer-images.api.edeka/fc516dce-7977-426b-9ca7-c7256f01f540_4054278646398_PER_EK091.jpg', 'warengruppe': 'Non-Food', 'warengruppeid': 8, 'kriterien': None, 'sonderkennzeichen': None, 'zutaten': None, 'nachlass': None, 'genussplus': None, 'basicPrice': None, 'national': False, 'gueltig_bis': 1618610400000}, {'angebotid': 3072532, 'externeid': None, 'titel': 'K\u00c3\u201eRCHER \"K2\" Hochdruckreiniger', 'preis': 59.95, 'beschreibung': 'hohe Leistungsfaehigkeit und Langlebigkeit, kompaktes und leicht zu transportierendes Geraet, Schlauch: ca. 3 m, Flaechenleistung: ca. 20 qm/h, F\u00c3\u00b6rdermenge: 360 Liter/h, 110 Bar, 1.400 Watt', 'punkte_deutschlandcard': '0', 'zusatztext': '*Nicht in allen Filialen erhaeltlich. Alle weiteren Informationen der Firma und Anschrift Ihres teilnehmenden EDEKA-Marktes finden Sie unter www.edeka.de/marktsuche oder unter der Telefonnummer 0800 724 28 55 (kostenfrei aus dem dt. Fest- und Mobilfunknetz). Alle Angebote g\u00c3\u00bcltig bis Samstag, 17.04.2021, KW 15. Wir haben uns f\u00c3\u00bcr diesen Zeitraum ausreichend bevorratet. Bitte entschuldigen Sie, wenn die Artikel auf Grund der gro\u00c3\u0178en Nachfrage dennoch im Einzelfall ausverkauft sein sollten. Abgabe in haushalts\u00c3\u00bcblichen Mengen. F\u00c3\u00bcr Darstellungsfehler \u00c3\u00bcbernehmen wir keine Haftung. EDEKA-Markt Minden-Hannover GmbH, Wittelsbacherallee 61, 32427 Minden.', 'bild_web90': 'https://offer-images.api.edeka/313b2ccd-3d11-4a7f-b1a8-c85a39199c54_4054278629889_PER_EK91.jpg', 'bild_web130': 'https://offer-images.api.edeka/639b784e-ff32-47c5-8d82-ff82e862b761_4054278629889_PER_EK91.jpg', 'bild_app': 'https://offer-images.api.edeka/5dea37e5-21fb-4a95-83a6-c72258f29460_4054278629889_PER_EK91.jpg', 'warengruppe': 'Non-Food', 'warengruppeid': 8, 'kriterien': None, 'sonderkennzeichen': None, 'zutaten': None, 'nachlass': None, 'genussplus': None, 'basicPrice': None, 'national': False, 'gueltig_bis': 1618610400000}, {'angebotid': 3072533, 'externeid': None, 'titel': 'K\u00c3\u201eRCHER Glasreinigerkonzentrat', 'preis': 4.99, 'beschreibung': '500 ml, (100ml=1,00)', 'punkte_deutschlandcard': '0', 'zusatztext': '*Nicht in allen Filialen erhaeltlich. Alle weiteren Informationen der Firma und Anschrift Ihres teilnehmenden EDEKA-Marktes finden Sie unter www.edeka.de/marktsuche oder unter der Telefonnummer 0800 724 28 55 (kostenfrei aus dem dt. Fest- und Mobilfunknetz). Alle Angebote g\u00c3\u00bcltig bis Samstag, 17.04.2021, KW 15. Wir haben uns f\u00c3\u00bcr diesen Zeitraum ausreichend bevorratet. Bitte entschuldigen Sie, wenn die Artikel auf Grund der gro\u00c3\u0178en Nachfrage dennoch im Einzelfall ausverkauft sein sollten. Abgabe in haushalts\u00c3\u00bcblichen Mengen. F\u00c3\u00bcr Darstellungsfehler \u00c3\u00bcbernehmen wir keine Haftung. EDEKA-Markt Minden-Hannover GmbH, Wittelsbacherallee 61, 32427 Minden.', 'bild_web90': 'https://offer-images.api.edeka/ab670b2d-68a1-45f6-a39c-0c2990c96952_4039784716162_PER_EK91.jpg', 'bild_web130': 'https://offer-images.api.edeka/70d67e4e-e200-4887-bf29-e1b849ec9261_4039784716162_PER_EK91.jpg', 'bild_app': 'https://offer-images.api.edeka/c68935af-585d-4534-9cc1-edf5ae1132fb_4039784716162_PER_EK91.jpg', 'warengruppe': 'Non-Food', 'warengruppeid': 8, 'kriterien': None, 'sonderkennzeichen': None, 'zutaten': None, 'nachlass': None, 'genussplus': None, 'basicPrice': '100ml=1,00', 'national': False, 'gueltig_bis': 1618610400000}, {'angebotid': 3072534, 'externeid': None, 'titel': 'ENDERS \"BOSTON BLACK 4 IK TURBO\" Gasgrill', 'preis': 379.0, 'beschreibung': 'TURBO ZONE: enorme Hitze von \u00c3\u00bcber 400 ?C f\u00c3\u00bcr perfektes Anbraten von Steaks, konstante Temperaturen f\u00c3\u00bcr Niedriggaren und scharfes Anbraten durch innovatives Brennersystem', 'punkte_deutschlandcard': '0', 'zusatztext': '*Nicht in allen Filialen erhaeltlich. Alle weiteren Informationen der Firma und Anschrift Ihres teilnehmenden EDEKA-Marktes finden Sie unter www.edeka.de/marktsuche oder unter der Telefonnummer 0800 724 28 55 (kostenfrei aus dem dt. Fest- und Mobilfunknetz). Alle Angebote g\u00c3\u00bcltig bis Samstag, 17.04.2021, KW 15. Wir haben uns f\u00c3\u00bcr diesen Zeitraum ausreichend bevorratet. Bitte entschuldigen Sie, wenn die Artikel auf Grund der gro\u00c3\u0178en Nachfrage dennoch im Einzelfall ausverkauft sein sollten. Abgabe in haushalts\u00c3\u00bcblichen Mengen. F\u00c3\u00bcr Darstellungsfehler \u00c3\u00bcbernehmen wir keine Haftung. EDEKA-Markt Minden-Hannover GmbH, Wittelsbacherallee 61, 32427 Minden.', 'bild_web90': 'https://offer-images.api.edeka/6e8b5b04-a804-4dcb-8d3a-b0a68b192d70_4000591088636_PER04_EK089.jpg', 'bild_web130': 'https://offer-images.api.edeka/ff6c216b-2821-4504-b1ca-ad47a1178904_4000591088636_PER04_EK089.jpg', 'bild_app': 'https://offer-images.api.edeka/f3b1ed77-ce09-45e1-b5ba-28c2e794457d_4000591088636_PER04_EK089.jpg', 'warengruppe': 'Non-Food', 'warengruppeid': 8, 'kriterien': None, 'sonderkennzeichen': None, 'zutaten': None, 'nachlass': None, 'genussplus': None, 'basicPrice': None, 'national': False, 'gueltig_bis': 1618610400000}, {'angebotid': 3072535, 'externeid': None, 'titel': 'ENDERS \"URBAN\" Gasgrill', 'preis': 129.0, 'beschreibung': '2 Edelstahlbrenner (2x 2,2 kW), emaillierter Gussrost mit integrierten Flammenabdeckungen, stabile, abnehmbare Seitentische, mit Piezo-Z\u00c3\u00bcndung', 'punkte_deutschlandcard': '0', 'zusatztext': '*Nicht in allen Filialen erhaeltlich. Alle weiteren Informationen der Firma und Anschrift Ihres teilnehmenden EDEKA-Marktes finden Sie unter www.edeka.de/marktsuche oder unter der Telefonnummer 0800 724 28 55 (kostenfrei aus dem dt. Fest- und Mobilfunknetz). Alle Angebote g\u00c3\u00bcltig bis Samstag, 17.04.2021, KW 15. Wir haben uns f\u00c3\u00bcr diesen Zeitraum ausreichend bevorratet. Bitte entschuldigen Sie, wenn die Artikel auf Grund der gro\u00c3\u0178en Nachfrage dennoch im Einzelfall ausverkauft sein sollten. Abgabe in haushalts\u00c3\u00bcblichen Mengen. F\u00c3\u00bcr Darstellungsfehler \u00c3\u00bcbernehmen wir keine Haftung. EDEKA-Markt Minden-Hannover GmbH, Wittelsbacherallee 61, 32427 Minden.', 'bild_web90': 'https://offer-images.api.edeka/dc15de23-473a-4812-bd6e-d575e872eef4_4000591020957_PER_EK77.jpg', 'bild_web130': 'https://offer-images.api.edeka/2cd71057-dfcf-435b-ac5b-d7c80f3dd065_4000591020957_PER_EK77.jpg', 'bild_app': 'https://offer-images.api.edeka/db32f662-90e6-4912-ab5c-88e8af4699d4_4000591020957_PER_EK77.jpg', 'warengruppe': 'Non-Food', 'warengruppeid': 8, 'kriterien': None, 'sonderkennzeichen': None, 'zutaten': None, 'nachlass': None, 'genussplus': None, 'basicPrice': None, 'national': False, 'gueltig_bis': 1618610400000}, {'angebotid': 3072536, 'externeid': None, 'titel': 'ENDERS Gaskartusche', 'preis': 6.99, 'beschreibung': 'Schraubkartusche 425 g (entspricht der Norm EN 417:2012), ideal geeignet zur Verwendung f\u00c3\u00bcr den mobilen Gebrauch des Gasgrills \"Urban\"', 'punkte_deutschlandcard': '0', 'zusatztext': '*Nicht in allen Filialen erhaeltlich. Alle weiteren Informationen der Firma und Anschrift Ihres teilnehmenden EDEKA-Marktes finden Sie unter www.edeka.de/marktsuche oder unter der Telefonnummer 0800 724 28 55 (kostenfrei aus dem dt. Fest- und Mobilfunknetz). Alle Angebote g\u00c3\u00bcltig bis Samstag, 17.04.2021, KW 15. Wir haben uns f\u00c3\u00bcr diesen Zeitraum ausreichend bevorratet. Bitte entschuldigen Sie, wenn die Artikel auf Grund der gro\u00c3\u0178en Nachfrage dennoch im Einzelfall ausverkauft sein sollten. Abgabe in haushalts\u00c3\u00bcblichen Mengen. F\u00c3\u00bcr Darstellungsfehler \u00c3\u00bcbernehmen wir keine Haftung. EDEKA-Markt Minden-Hannover GmbH, Wittelsbacherallee 61, 32427 Minden.', 'bild_web90': 'https://offer-images.api.edeka/d6253d21-c87d-48a5-9447-9c7488872b69_4000591064401_PER_EK89.jpg', 'bild_web130': 'https://offer-images.api.edeka/1ade7c58-33c0-4f4a-a5c1-e157aa82a223_4000591064401_PER_EK89.jpg', 'bild_app': 'https://offer-images.api.edeka/21c006b4-8fc6-4a19-b122-c8cd7c892a86_4000591064401_PER_EK89.jpg', 'warengruppe': 'Non-Food', 'warengruppeid': 8, 'kriterien': None, 'sonderkennzeichen': None, 'zutaten': None, 'nachlass': None, 'genussplus': None, 'basicPrice': None, 'national': False, 'gueltig_bis': 1618610400000}, {'angebotid': 3072537, 'externeid': None, 'titel': 'Z\u00c3\u0153NDAPP \"Z517\" City-E-Bike', 'preis': 899.0, 'beschreibung': '28\", Shimano NEXUS-7-Gang-Schaltung, Akku: 36 V/10,4 Ah, Reichweite bis 75 km (je nach Fahrweise), V-Bremsen, Federgabel, Vorderradmotor', 'punkte_deutschlandcard': '0', 'zusatztext': '*Nicht in allen Filialen erhaeltlich. Alle weiteren Informationen der Firma und Anschrift Ihres teilnehmenden EDEKA-Marktes finden Sie unter www.edeka.de/marktsuche oder unter der Telefonnummer 0800 724 28 55 (kostenfrei aus dem dt. Fest- und Mobilfunknetz). Alle Angebote g\u00c3\u00bcltig bis Samstag, 17.04.2021, KW 15. Wir haben uns f\u00c3\u00bcr diesen Zeitraum ausreichend bevorratet. Bitte entschuldigen Sie, wenn die Artikel auf Grund der gro\u00c3\u0178en Nachfrage dennoch im Einzelfall ausverkauft sein sollten. Abgabe in haushalts\u00c3\u00bcblichen Mengen. F\u00c3\u00bcr Darstellungsfehler \u00c3\u00bcbernehmen wir keine Haftung. EDEKA-Markt Minden-Hannover GmbH, Wittelsbacherallee 61, 32427 Minden.', 'bild_web90': 'https://offer-images.api.edeka/c8159557-2567-4d1f-a65e-2449f42c194e_4260582291418_PER_EK76.jpg', 'bild_web130': 'https://offer-images.api.edeka/a1b18bc7-c3ef-4b9e-acb6-93f04f77372f_4260582291418_PER_EK76.jpg', 'bild_app': 'https://offer-images.api.edeka/663a0bf9-25de-4c73-beb2-cc311f69385a_4260582291418_PER_EK76.jpg', 'warengruppe': 'Non-Food', 'warengruppeid': 8, 'kriterien': None, 'sonderkennzeichen': None, 'zutaten': None, 'nachlass': None, 'genussplus': None, 'basicPrice': None, 'national': False, 'gueltig_bis': 1618610400000}, {'angebotid': 3072538, 'externeid': None, 'titel': 'REFLEXION \"OS01BT\" Bluetooth-Lautsprecher', 'preis': 29.95, 'beschreibung': 'LED-Beleuchtung mit verschiedenen Farben, Musikwiedergabe \u00c3\u00bcber Bluetooth oder \u00c3\u00bcber integriertes UKW-Radio, Anschl\u00c3\u00bcsse: USB und AUX-In', 'punkte_deutschlandcard': '0', 'zusatztext': '*Nicht in allen Filialen erhaeltlich. Alle weiteren Informationen der Firma und Anschrift Ihres teilnehmenden EDEKA-Marktes finden Sie unter www.edeka.de/marktsuche oder unter der Telefonnummer 0800 724 28 55 (kostenfrei aus dem dt. Fest- und Mobilfunknetz). Alle Angebote g\u00c3\u00bcltig bis Samstag, 17.04.2021, KW 15. Wir haben uns f\u00c3\u00bcr diesen Zeitraum ausreichend bevorratet. Bitte entschuldigen Sie, wenn die Artikel auf Grund der gro\u00c3\u0178en Nachfrage dennoch im Einzelfall ausverkauft sein sollten. Abgabe in haushalts\u00c3\u00bcblichen Mengen. F\u00c3\u00bcr Darstellungsfehler \u00c3\u00bcbernehmen wir keine Haftung. EDEKA-Markt Minden-Hannover GmbH, Wittelsbacherallee 61, 32427 Minden.', 'bild_web90': 'https://offer-images.api.edeka/78139021-60e9-4997-97e0-096a336c95c6_4260035678360_PER_EK82.jpg', 'bild_web130': 'https://offer-images.api.edeka/4d58be17-f216-4b65-8c27-1d680f4584a5_4260035678360_PER_EK82.jpg', 'bild_app': 'https://offer-images.api.edeka/2e44e513-c461-42f6-b1d8-42211ffee36e_4260035678360_PER_EK82.jpg', 'warengruppe': 'Non-Food', 'warengruppeid': 8, 'kriterien': None, 'sonderkennzeichen': None, 'zutaten': None, 'nachlass': None, 'genussplus': None, 'basicPrice': None, 'national': False, 'gueltig_bis': 1618610400000}, {'angebotid': 3072539, 'externeid': None, 'titel': 'VEGANZ Bieneninsel', 'preis': 29.95, 'beschreibung': 'Lebensraum und Nahrungsquelle f\u00c3\u00bcr Wildbienen, enthaelt 13 Holzteile f\u00c3\u00bcr den Pflanzkasten aus nachhaltigem, zertifiziertem Holz', 'punkte_deutschlandcard': '0', 'zusatztext': '*Nicht in allen Filialen erhaeltlich. Alle weiteren Informationen der Firma und Anschrift Ihres teilnehmenden EDEKA-Marktes finden Sie unter www.edeka.de/marktsuche oder unter der Telefonnummer 0800 724 28 55 (kostenfrei aus dem dt. Fest- und Mobilfunknetz). Alle Angebote g\u00c3\u00bcltig bis Samstag, 17.04.2021, KW 15. Wir haben uns f\u00c3\u00bcr diesen Zeitraum ausreichend bevorratet. Bitte entschuldigen Sie, wenn die Artikel auf Grund der gro\u00c3\u0178en Nachfrage dennoch im Einzelfall ausverkauft sein sollten. Abgabe in haushalts\u00c3\u00bcblichen Mengen. F\u00c3\u00bcr Darstellungsfehler \u00c3\u00bcbernehmen wir keine Haftung. EDEKA-Markt Minden-Hannover GmbH, Wittelsbacherallee 61, 32427 Minden.', 'bild_web90': 'https://offer-images.api.edeka/09d2a9be-da69-4751-8e3c-fb04c383d8f9_745125362304_PER_EK77.jpg', 'bild_web130': 'https://offer-images.api.edeka/8336916c-b06e-4573-8682-5a68220fa9c7_745125362304_PER_EK77.jpg', 'bild_app': 'https://offer-images.api.edeka/4247671b-4ef6-43fe-9e08-ac7e4ff69849_745125362304_PER_EK77.jpg', 'warengruppe': 'Non-Food', 'warengruppeid': 8, 'kriterien': None, 'sonderkennzeichen': None, 'zutaten': None, 'nachlass': None, 'genussplus': None, 'basicPrice': None, 'national': False, 'gueltig_bis': 1618610400000}, {'angebotid': 3072540, 'externeid': None, 'titel': 'LED-Solargartenlichter', 'preis': 4.99, 'beschreibung': 'unterschiedliche Ausf\u00c3\u00bchrungen, verschiedene Farben, z.B.: LED-Dekowindlicht \u00c3\u02dc x H: ca. 12 x 13 cm, Farbe: t\u00c3\u00bcrkis', 'punkte_deutschlandcard': '0', 'zusatztext': '*Nicht in allen Filialen erhaeltlich. Alle weiteren Informationen der Firma und Anschrift Ihres teilnehmenden EDEKA-Marktes finden Sie unter www.edeka.de/marktsuche oder unter der Telefonnummer 0800 724 28 55 (kostenfrei aus dem dt. Fest- und Mobilfunknetz). Alle Angebote g\u00c3\u00bcltig bis Samstag, 17.04.2021, KW 15. Wir haben uns f\u00c3\u00bcr diesen Zeitraum ausreichend bevorratet. Bitte entschuldigen Sie, wenn die Artikel auf Grund der gro\u00c3\u0178en Nachfrage dennoch im Einzelfall ausverkauft sein sollten. Abgabe in haushalts\u00c3\u00bcblichen Mengen. F\u00c3\u00bcr Darstellungsfehler \u00c3\u00bcbernehmen wir keine Haftung. EDEKA-Markt Minden-Hannover GmbH, Wittelsbacherallee 61, 32427 Minden.', 'bild_web90': 'https://offer-images.api.edeka/ec592498-1da4-4776-81a6-3e46151240d4_884620048914_PER_EK77.jpg', 'bild_web130': 'https://offer-images.api.edeka/5b5f0efb-ea56-4a3d-81a8-9d42926825d5_884620048914_PER_EK77.jpg', 'bild_app': 'https://offer-images.api.edeka/aca37385-3503-49f5-ad34-9c94f2b72a93_884620048914_PER_EK77.jpg', 'warengruppe': 'Non-Food', 'warengruppeid': 8, 'kriterien': None, 'sonderkennzeichen': None, 'zutaten': None, 'nachlass': None, 'genussplus': None, 'basicPrice': None, 'national': False, 'gueltig_bis': 1618610400000}, {'angebotid': 3072541, 'externeid': None, 'titel': 'HISENSE \"43AE7000F\" 4K-UHD-TV', 'preis': 279.0, 'beschreibung': 'Diagonale: 43\"/108 cm, HDR Ultra HD, UHD-AI-Upscaling optimiert Full HD auf nahezu 4K-Qualitaet, 3x HDMI, 2x USBLAN/WLAN, CI+ Slot, B x H x T: ca. 96 x 61 x 20 cm', 'punkte_deutschlandcard': '0', 'zusatztext': '*Nicht in allen Filialen erhaeltlich. Alle weiteren Informationen der Firma und Anschrift Ihres teilnehmenden EDEKA-Marktes finden Sie unter www.edeka.de/marktsuche oder unter der Telefonnummer 0800 724 28 55 (kostenfrei aus dem dt. Fest- und Mobilfunknetz). Alle Angebote g\u00c3\u00bcltig bis Samstag, 17.04.2021, KW 15. Wir haben uns f\u00c3\u00bcr diesen Zeitraum ausreichend bevorratet. Bitte entschuldigen Sie, wenn die Artikel auf Grund der gro\u00c3\u0178en Nachfrage dennoch im Einzelfall ausverkauft sein sollten. Abgabe in haushalts\u00c3\u00bcblichen Mengen. F\u00c3\u00bcr Darstellungsfehler \u00c3\u00bcbernehmen wir keine Haftung. EDEKA-Markt Minden-Hannover GmbH, Wittelsbacherallee 61, 32427 Minden.', 'bild_web90': 'https://offer-images.api.edeka/825aff49-4650-409e-bb4a-69b2be962c7c_hisense.jpg', 'bild_web130': 'https://offer-images.api.edeka/cc11ba55-96aa-4b59-b3ee-8ee4e1e4b27f_hisense.jpg', 'bild_app': 'https://offer-images.api.edeka/30f6b6bb-889d-42b8-aff9-20947d92ba55_hisense.jpg', 'warengruppe': 'Non-Food', 'warengruppeid': 8, 'kriterien': None, 'sonderkennzeichen': None, 'zutaten': None, 'nachlass': None, 'genussplus': None, 'basicPrice': None, 'national': False, 'gueltig_bis': 1618610400000}, {'angebotid': 3072542, 'externeid': None, 'titel': 'SAMSUNG \"GU65TU7179UXZG\" 4K-UHD-TV', 'preis': 699.0, 'beschreibung': 'Diagonale: 65\"/164 cm, HDR Ultra HD, 4K-Upscaling dank Crystal-Prozessor und -Display, HD+ integriert (6 Monate gratis \u00c3\u00bcber SAT-Empfang) und 6 Monate waipu.tv', 'punkte_deutschlandcard': '0', 'zusatztext': '*Nicht in allen Filialen erhaeltlich. Alle weiteren Informationen der Firma und Anschrift Ihres teilnehmenden EDEKA-Marktes finden Sie unter www.edeka.de/marktsuche oder unter der Telefonnummer 0800 724 28 55 (kostenfrei aus dem dt. Fest- und Mobilfunknetz). Alle Angebote g\u00c3\u00bcltig bis Samstag, 17.04.2021, KW 15. Wir haben uns f\u00c3\u00bcr diesen Zeitraum ausreichend bevorratet. Bitte entschuldigen Sie, wenn die Artikel auf Grund der gro\u00c3\u0178en Nachfrage dennoch im Einzelfall ausverkauft sein sollten. Abgabe in haushalts\u00c3\u00bcblichen Mengen. F\u00c3\u00bcr Darstellungsfehler \u00c3\u00bcbernehmen wir keine Haftung. EDEKA-Markt Minden-Hannover GmbH, Wittelsbacherallee 61, 32427 Minden.', 'bild_web90': 'https://offer-images.api.edeka/772712b9-8924-4bb2-84c6-932b44287abb_samsung.jpg', 'bild_web130': 'https://offer-images.api.edeka/e2d4daa6-de37-414b-b905-ced05e2a7b91_samsung.jpg', 'bild_app': 'https://offer-images.api.edeka/5d7fdd90-af39-4459-9cdc-fe4a8b5ea1ef_samsung.jpg', 'warengruppe': 'Non-Food', 'warengruppeid': 8, 'kriterien': None, 'sonderkennzeichen': None, 'zutaten': None, 'nachlass': None, 'genussplus': None, 'basicPrice': None, 'national': False, 'gueltig_bis': 1618610400000}, {'angebotid': 3072543, 'externeid': None, 'titel': 'Die Hangover-Trilogie', 'preis': 9.99, 'beschreibung': 'Film-Tipp, 3 DVDs', 'punkte_deutschlandcard': '0', 'zusatztext': '*Nicht in allen Filialen erhaeltlich. Alle weiteren Informationen der Firma und Anschrift Ihres teilnehmenden EDEKA-Marktes finden Sie unter www.edeka.de/marktsuche oder unter der Telefonnummer 0800 724 28 55 (kostenfrei aus dem dt. Fest- und Mobilfunknetz). Alle Angebote g\u00c3\u00bcltig bis Samstag, 17.04.2021, KW 15. Wir haben uns f\u00c3\u00bcr diesen Zeitraum ausreichend bevorratet. Bitte entschuldigen Sie, wenn die Artikel auf Grund der gro\u00c3\u0178en Nachfrage dennoch im Einzelfall ausverkauft sein sollten. Abgabe in haushalts\u00c3\u00bcblichen Mengen. F\u00c3\u00bcr Darstellungsfehler \u00c3\u00bcbernehmen wir keine Haftung. EDEKA-Markt Minden-Hannover GmbH, Wittelsbacherallee 61, 32427 Minden.', 'bild_web90': 'https://offer-images.api.edeka/ce47b952-48e4-4a78-9838-e225acbb0f49_4042438242269_PER_K83.jpg', 'bild_web130': 'https://offer-images.api.edeka/a0a32d70-2188-477d-acd2-cc1a7067cc16_4042438242269_PER_K83.jpg', 'bild_app': 'https://offer-images.api.edeka/4aec2bc8-32d2-4652-907a-913c4a5d3968_4042438242269_PER_K83.jpg', 'warengruppe': 'Non-Food', 'warengruppeid': 8, 'kriterien': None, 'sonderkennzeichen': None, 'zutaten': None, 'nachlass': None, 'genussplus': None, 'basicPrice': None, 'national': False, 'gueltig_bis': 1618610400000}, {'angebotid': 3072544, 'externeid': None, 'titel': 'SAMSUNG Galaxy A12', 'preis': 169.0, 'beschreibung': 'Diagonale: 6,5\"/16,55 cm, TFT-HD+-Display, LTE, beeindruckendes Design mit Infinity-V-Display, leistungsstarker Akku mit Schnellladefunktion', 'punkte_deutschlandcard': '0', 'zusatztext': '*Nicht in allen Filialen erhaeltlich. Alle weiteren Informationen der Firma und Anschrift Ihres teilnehmenden EDEKA-Marktes finden Sie unter www.edeka.de/marktsuche oder unter der Telefonnummer 0800 724 28 55 (kostenfrei aus dem dt. Fest- und Mobilfunknetz). Alle Angebote g\u00c3\u00bcltig bis Samstag, 17.04.2021, KW 15. Wir haben uns f\u00c3\u00bcr diesen Zeitraum ausreichend bevorratet. Bitte entschuldigen Sie, wenn die Artikel auf Grund der gro\u00c3\u0178en Nachfrage dennoch im Einzelfall ausverkauft sein sollten. Abgabe in haushalts\u00c3\u00bcblichen Mengen. F\u00c3\u00bcr Darstellungsfehler \u00c3\u00bcbernehmen wir keine Haftung. EDEKA-Markt Minden-Hannover GmbH, Wittelsbacherallee 61, 32427 Minden.', 'bild_web90': 'https://offer-images.api.edeka/3532e948-2b1d-4c11-bfae-ba4cae55c943_4042438242269_PER_K83.jpg', 'bild_web130': 'https://offer-images.api.edeka/3af8ae15-6c71-413d-9494-46914599e391_4042438242269_PER_K83.jpg', 'bild_app': 'https://offer-images.api.edeka/c0506e9f-7cb9-48d5-863f-18516a69c8a8_4042438242269_PER_K83.jpg', 'warengruppe': 'Non-Food', 'warengruppeid': 8, 'kriterien': None, 'sonderkennzeichen': None, 'zutaten': None, 'nachlass': None, 'genussplus': None, 'basicPrice': None, 'national': False, 'gueltig_bis': 1618610400000}, {'angebotid': 3072545, 'externeid': None, 'titel': 'AMICA \"DTC 374 100 E\" K\u00c3\u00bchl-/Gefrierkombination', 'preis': 222.0, 'beschreibung': 'moderner Edelstahl-Look, inkl. 2 Glasablagen, 3 T\u00c3\u00bcrablagen und Gem\u00c3\u00bcseschale, Gefrierfach inkl. Eisw\u00c3\u00bcrfelbehaelter, B x H x T: ca. 55 x 139,5 x 57 cm', 'punkte_deutschlandcard': '0', 'zusatztext': '*Nicht in allen Filialen erhaeltlich. Alle weiteren Informationen der Firma und Anschrift Ihres teilnehmenden EDEKA-Marktes finden Sie unter www.edeka.de/marktsuche oder unter der Telefonnummer 0800 724 28 55 (kostenfrei aus dem dt. Fest- und Mobilfunknetz). Alle Angebote g\u00c3\u00bcltig bis Samstag, 17.04.2021, KW 15. Wir haben uns f\u00c3\u00bcr diesen Zeitraum ausreichend bevorratet. Bitte entschuldigen Sie, wenn die Artikel auf Grund der gro\u00c3\u0178en Nachfrage dennoch im Einzelfall ausverkauft sein sollten. Abgabe in haushalts\u00c3\u00bcblichen Mengen. F\u00c3\u00bcr Darstellungsfehler \u00c3\u00bcbernehmen wir keine Haftung. EDEKA-Markt Minden-Hannover GmbH, Wittelsbacherallee 61, 32427 Minden.', 'bild_web90': 'https://offer-images.api.edeka/981e9642-a415-4ea3-824a-00ec327951dd_amica.jpg', 'bild_web130': 'https://offer-images.api.edeka/65b2035d-1807-4887-b5a9-e23d14b4258a_amica.jpg', 'bild_app': 'https://offer-images.api.edeka/6ed2fb7b-bf40-410f-baec-cc9c35e279fa_amica.jpg', 'warengruppe': 'Non-Food', 'warengruppeid': 8, 'kriterien': None, 'sonderkennzeichen': None, 'zutaten': None, 'nachlass': None, 'genussplus': None, 'basicPrice': None, 'national': False, 'gueltig_bis': 1618610400000}, {'angebotid': 3072546, 'externeid': None, 'titel': 'ELO Cr\u00c3\u00aapespfanne', 'preis': 6.99, 'beschreibung': 'aus Aluminium, perfekt f\u00c3\u00bcr die leichte und schonende Zubereitung von Cr\u00c3\u00aapes, energiesparend und pflegeleicht, \u00c3\u02dc ca. 24 cm', 'punkte_deutschlandcard': '0', 'zusatztext': '*Nicht in allen Filialen erhaeltlich. Alle weiteren Informationen der Firma und Anschrift Ihres teilnehmenden EDEKA-Marktes finden Sie unter www.edeka.de/marktsuche oder unter der Telefonnummer 0800 724 28 55 (kostenfrei aus dem dt. Fest- und Mobilfunknetz). Alle Angebote g\u00c3\u00bcltig bis Samstag, 17.04.2021, KW 15. Wir haben uns f\u00c3\u00bcr diesen Zeitraum ausreichend bevorratet. Bitte entschuldigen Sie, wenn die Artikel auf Grund der gro\u00c3\u0178en Nachfrage dennoch im Einzelfall ausverkauft sein sollten. Abgabe in haushalts\u00c3\u00bcblichen Mengen. F\u00c3\u00bcr Darstellungsfehler \u00c3\u00bcbernehmen wir keine Haftung. EDEKA-Markt Minden-Hannover GmbH, Wittelsbacherallee 61, 32427 Minden.', 'bild_web90': 'https://offer-images.api.edeka/3b766a6d-f230-45f1-9467-3a779561257a_4006925428642_PER02_EK70.jpg', 'bild_web130': 'https://offer-images.api.edeka/80baeb50-df31-4faa-a7f4-b1f2627f0676_4006925428642_PER02_EK70.jpg', 'bild_app': 'https://offer-images.api.edeka/a0c4a1d4-18e6-4cac-a570-564dabbaa482_4006925428642_PER02_EK70.jpg', 'warengruppe': 'Non-Food', 'warengruppeid': 8, 'kriterien': None, 'sonderkennzeichen': None, 'zutaten': None, 'nachlass': None, 'genussplus': None, 'basicPrice': None, 'national': False, 'gueltig_bis': 1618610400000}, {'angebotid': 3072547, 'externeid': None, 'titel': 'ELO \"LUKULLUS\" Bratpfanne', 'preis': 12.99, 'beschreibung': 'aus geschmiedetem Aluminium, mit Kunststoffgriff, energiesparend und pflegeleicht', 'punkte_deutschlandcard': '0', 'zusatztext': '*Nicht in allen Filialen erhaeltlich. Alle weiteren Informationen der Firma und Anschrift Ihres teilnehmenden EDEKA-Marktes finden Sie unter www.edeka.de/marktsuche oder unter der Telefonnummer 0800 724 28 55 (kostenfrei aus dem dt. Fest- und Mobilfunknetz). Alle Angebote g\u00c3\u00bcltig bis Samstag, 17.04.2021, KW 15. Wir haben uns f\u00c3\u00bcr diesen Zeitraum ausreichend bevorratet. Bitte entschuldigen Sie, wenn die Artikel auf Grund der gro\u00c3\u0178en Nachfrage dennoch im Einzelfall ausverkauft sein sollten. Abgabe in haushalts\u00c3\u00bcblichen Mengen. F\u00c3\u00bcr Darstellungsfehler \u00c3\u00bcbernehmen wir keine Haftung. EDEKA-Markt Minden-Hannover GmbH, Wittelsbacherallee 61, 32427 Minden.', 'bild_web90': 'https://offer-images.api.edeka/104b700a-7a3e-4b39-b0e2-e0027033a5da_4006925868240_PER_EK70.jpg', 'bild_web130': 'https://offer-images.api.edeka/66b71ed9-8aa0-4f58-8d42-ef7cbd6e90cb_4006925868240_PER_EK70.jpg', 'bild_app': 'https://offer-images.api.edeka/866a8958-c6a1-42e1-980b-48f9f4b0a41e_4006925868240_PER_EK70.jpg', 'warengruppe': 'Non-Food', 'warengruppeid': 8, 'kriterien': None, 'sonderkennzeichen': None, 'zutaten': None, 'nachlass': None, 'genussplus': None, 'basicPrice': None, 'national': False, 'gueltig_bis': 1618610400000}, {'angebotid': 3072548, 'externeid': None, 'titel': 'WMF \"BUENO\" Toaster', 'preis': 29.95, 'beschreibung': '7 variabel einstellbare Braeunungsstufen, beleuchtete Funktionstasten, Stopp-, Aufwaerm-, Nachtoast- und Auftaufunktion, integrierter Br\u00c3\u00b6tchenaufsatz, 800 Watt', 'punkte_deutschlandcard': '0', 'zusatztext': '*Nicht in allen Filialen erhaeltlich. Alle weiteren Informationen der Firma und Anschrift Ihres teilnehmenden EDEKA-Marktes finden Sie unter www.edeka.de/marktsuche oder unter der Telefonnummer 0800 724 28 55 (kostenfrei aus dem dt. Fest- und Mobilfunknetz). Alle Angebote g\u00c3\u00bcltig bis Samstag, 17.04.2021, KW 15. Wir haben uns f\u00c3\u00bcr diesen Zeitraum ausreichend bevorratet. Bitte entschuldigen Sie, wenn die Artikel auf Grund der gro\u00c3\u0178en Nachfrage dennoch im Einzelfall ausverkauft sein sollten. Abgabe in haushalts\u00c3\u00bcblichen Mengen. F\u00c3\u00bcr Darstellungsfehler \u00c3\u00bcbernehmen wir keine Haftung. EDEKA-Markt Minden-Hannover GmbH, Wittelsbacherallee 61, 32427 Minden.', 'bild_web90': 'https://offer-images.api.edeka/7933159f-33d9-42ec-ae7f-d011a46f83a1_4211129116800_PER_EK74.jpg', 'bild_web130': 'https://offer-images.api.edeka/53affde4-9cca-4dee-836d-fed116fa2c69_4211129116800_PER_EK74.jpg', 'bild_app': 'https://offer-images.api.edeka/f2131763-32be-404a-81d1-3f270cdba362_4211129116800_PER_EK74.jpg', 'warengruppe': 'Non-Food', 'warengruppeid': 8, 'kriterien': None, 'sonderkennzeichen': None, 'zutaten': None, 'nachlass': None, 'genussplus': None, 'basicPrice': None, 'national': False, 'gueltig_bis': 1618610400000}, {'angebotid': 3072549, 'externeid': None, 'titel': 'WMF \"BUENO\" Wasserkocher', 'preis': 31.95, 'beschreibung': 'Fassungsverm\u00c3\u00b6gen: 1,7 Liter, beleuchtete Wasserstandsanzeige, \u00c3\u0153berhitzungsschutz, 2.400 Watt', 'punkte_deutschlandcard': '0', 'zusatztext': '*Nicht in allen Filialen erhaeltlich. Alle weiteren Informationen der Firma und Anschrift Ihres teilnehmenden EDEKA-Marktes finden Sie unter www.edeka.de/marktsuche oder unter der Telefonnummer 0800 724 28 55 (kostenfrei aus dem dt. Fest- und Mobilfunknetz). Alle Angebote g\u00c3\u00bcltig bis Samstag, 17.04.2021, KW 15. Wir haben uns f\u00c3\u00bcr diesen Zeitraum ausreichend bevorratet. Bitte entschuldigen Sie, wenn die Artikel auf Grund der gro\u00c3\u0178en Nachfrage dennoch im Einzelfall ausverkauft sein sollten. Abgabe in haushalts\u00c3\u00bcblichen Mengen. F\u00c3\u00bcr Darstellungsfehler \u00c3\u00bcbernehmen wir keine Haftung. EDEKA-Markt Minden-Hannover GmbH, Wittelsbacherallee 61, 32427 Minden.', 'bild_web90': 'https://offer-images.api.edeka/c6344b0d-c109-4f9e-9789-1e6fee691e60_4211129050401_PER_EK74.jpg', 'bild_web130': 'https://offer-images.api.edeka/29ff36f6-36bf-4d4f-b450-74deefa85fb9_4211129050401_PER_EK74.jpg', 'bild_app': 'https://offer-images.api.edeka/171bd81e-0ab6-4d72-a595-9e32a2a8d339_4211129050401_PER_EK74.jpg', 'warengruppe': 'Non-Food', 'warengruppeid': 8, 'kriterien': None, 'sonderkennzeichen': None, 'zutaten': None, 'nachlass': None, 'genussplus': None, 'basicPrice': None, 'national': False, 'gueltig_bis': 1618610400000}, {'angebotid': 3072550, 'externeid': None, 'titel': 'WMF \"KULT X MIX UND GO\" Standmixer', 'preis': 29.95, 'beschreibung': 'Fassungsverm\u00c3\u00b6gen: 0,6 Liter, 4-fl\u00c3\u00bcgliges Edelstahlmesser, To-go-Behaelter, 300 Watt', 'punkte_deutschlandcard': '0', 'zusatztext': '*Nicht in allen Filialen erhaeltlich. Alle weiteren Informationen der Firma und Anschrift Ihres teilnehmenden EDEKA-Marktes finden Sie unter www.edeka.de/marktsuche oder unter der Telefonnummer 0800 724 28 55 (kostenfrei aus dem dt. Fest- und Mobilfunknetz). Alle Angebote g\u00c3\u00bcltig bis Samstag, 17.04.2021, KW 15. Wir haben uns f\u00c3\u00bcr diesen Zeitraum ausreichend bevorratet. Bitte entschuldigen Sie, wenn die Artikel auf Grund der gro\u00c3\u0178en Nachfrage dennoch im Einzelfall ausverkauft sein sollten. Abgabe in haushalts\u00c3\u00bcblichen Mengen. F\u00c3\u00bcr Darstellungsfehler \u00c3\u00bcbernehmen wir keine Haftung. EDEKA-Markt Minden-Hannover GmbH, Wittelsbacherallee 61, 32427 Minden.', 'bild_web90': 'https://offer-images.api.edeka/8df5e131-fb4d-4157-9b36-60199c37f6e1_4211129072403_PER03_EK90.jpg', 'bild_web130': 'https://offer-images.api.edeka/aa8089fe-bccb-4b63-b238-7024c8fd3bdf_4211129072403_PER03_EK90.jpg', 'bild_app': 'https://offer-images.api.edeka/924b6a1d-6840-4403-bb8e-c700ae4a4c3a_4211129072403_PER03_EK90.jpg', 'warengruppe': 'Non-Food', 'warengruppeid': 8, 'kriterien': None, 'sonderkennzeichen': None, 'zutaten': None, 'nachlass': None, 'genussplus': None, 'basicPrice': None, 'national': False, 'gueltig_bis': 1618610400000}, {'angebotid': 3072551, 'externeid': None, 'titel': 'WMF \"KULT S\" Handmixer', 'preis': 29.95, 'beschreibung': '5 Geschwindigkeitsstufen, Turbofunktion, f\u00c3\u00bcr max. Leistung, inkl. 2 R\u00c3\u00bchrbesen und 2 Knethaken, Auswurftaste, 300 Watt', 'punkte_deutschlandcard': '0', 'zusatztext': '*Nicht in allen Filialen erhaeltlich. Alle weiteren Informationen der Firma und Anschrift Ihres teilnehmenden EDEKA-Marktes finden Sie unter www.edeka.de/marktsuche oder unter der Telefonnummer 0800 724 28 55 (kostenfrei aus dem dt. Fest- und Mobilfunknetz). Alle Angebote g\u00c3\u00bcltig bis Samstag, 17.04.2021, KW 15. Wir haben uns f\u00c3\u00bcr diesen Zeitraum ausreichend bevorratet. Bitte entschuldigen Sie, wenn die Artikel auf Grund der gro\u00c3\u0178en Nachfrage dennoch im Einzelfall ausverkauft sein sollten. Abgabe in haushalts\u00c3\u00bcblichen Mengen. F\u00c3\u00bcr Darstellungsfehler \u00c3\u00bcbernehmen wir keine Haftung. EDEKA-Markt Minden-Hannover GmbH, Wittelsbacherallee 61, 32427 Minden.', 'bild_web90': 'https://offer-images.api.edeka/65b829bc-1340-437c-b1e9-09f3cb085e5c_4211129117982_PER02_EK90.jpg', 'bild_web130': 'https://offer-images.api.edeka/9a15e66f-cabd-47d0-bf5d-87f9634ab8e3_4211129117982_PER02_EK90.jpg', 'bild_app': 'https://offer-images.api.edeka/a11633af-a98b-4a50-9675-3a4061200baf_4211129117982_PER02_EK90.jpg', 'warengruppe': 'Non-Food', 'warengruppeid': 8, 'kriterien': None, 'sonderkennzeichen': None, 'zutaten': None, 'nachlass': None, 'genussplus': None, 'basicPrice': None, 'national': False, 'gueltig_bis': 1618610400000}, {'angebotid': 3072552, 'externeid': None, 'titel': 'DEKOR Betten-Set im Beutel', 'preis': 12.99, 'beschreibung': '100% Polyester, bestehend aus Bettdecke und Kissen, verwendbar mit oder ohne Bettwaesche, Bettdecke: ca. 135 x 200 cm, Kissen: ca. 40 x 60 cm, verschiedene Dessins', 'punkte_deutschlandcard': '0', 'zusatztext': '*Nicht in allen Filialen erhaeltlich. Alle weiteren Informationen der Firma und Anschrift Ihres teilnehmenden EDEKA-Marktes finden Sie unter www.edeka.de/marktsuche oder unter der Telefonnummer 0800 724 28 55 (kostenfrei aus dem dt. Fest- und Mobilfunknetz). Alle Angebote g\u00c3\u00bcltig bis Samstag, 17.04.2021, KW 15. Wir haben uns f\u00c3\u00bcr diesen Zeitraum ausreichend bevorratet. Bitte entschuldigen Sie, wenn die Artikel auf Grund der gro\u00c3\u0178en Nachfrage dennoch im Einzelfall ausverkauft sein sollten. Abgabe in haushalts\u00c3\u00bcblichen Mengen. F\u00c3\u00bcr Darstellungsfehler \u00c3\u00bcbernehmen wir keine Haftung. EDEKA-Markt Minden-Hannover GmbH, Wittelsbacherallee 61, 32427 Minden.', 'bild_web90': 'https://offer-images.api.edeka/4682b2fc-8fe0-4edc-b3a2-9f12906a0706_4311536135439_PER05_EK56.jpg', 'bild_web130': 'https://offer-images.api.edeka/3a3db773-4059-4aa4-929e-6d330d1c91ab_4311536135439_PER05_EK56.jpg', 'bild_app': 'https://offer-images.api.edeka/bb258494-b8e7-4b65-a7da-f823384535bf_4311536135439_PER05_EK56.jpg', 'warengruppe': 'Non-Food', 'warengruppeid': 8, 'kriterien': None, 'sonderkennzeichen': None, 'zutaten': None, 'nachlass': None, 'genussplus': None, 'basicPrice': None, 'national': False, 'gueltig_bis': 1618610400000}, {'angebotid': 3072553, 'externeid': None, 'titel': 'DEKOR Mikrofaserbettwaesche', 'preis': 9.99, 'beschreibung': '100% Polyester, hautsympathisch und atmungsaktiv, Bettbezug: ca. 135 x 200 cm, Kopfkissenbezug: ca. 80 x 80 cm, verschiedene Dessins', 'punkte_deutschlandcard': '0', 'zusatztext': '*Nicht in allen Filialen erhaeltlich. Alle weiteren Informationen der Firma und Anschrift Ihres teilnehmenden EDEKA-Marktes finden Sie unter www.edeka.de/marktsuche oder unter der Telefonnummer 0800 724 28 55 (kostenfrei aus dem dt. Fest- und Mobilfunknetz). Alle Angebote g\u00c3\u00bcltig bis Samstag, 17.04.2021, KW 15. Wir haben uns f\u00c3\u00bcr diesen Zeitraum ausreichend bevorratet. Bitte entschuldigen Sie, wenn die Artikel auf Grund der gro\u00c3\u0178en Nachfrage dennoch im Einzelfall ausverkauft sein sollten. Abgabe in haushalts\u00c3\u00bcblichen Mengen. F\u00c3\u00bcr Darstellungsfehler \u00c3\u00bcbernehmen wir keine Haftung. EDEKA-Markt Minden-Hannover GmbH, Wittelsbacherallee 61, 32427 Minden.', 'bild_web90': 'https://offer-images.api.edeka/f1b29622-58ca-49dd-835d-4bdcaeecbcf8_4311536133763_PER05_EK56.jpg', 'bild_web130': 'https://offer-images.api.edeka/73852bf0-02d3-4628-acda-fd0d4a12d007_4311536133763_PER05_EK56.jpg', 'bild_app': 'https://offer-images.api.edeka/b71a4372-259f-4254-959e-806150a1fb84_4311536133763_PER05_EK56.jpg', 'warengruppe': 'Non-Food', 'warengruppeid': 8, 'kriterien': None, 'sonderkennzeichen': None, 'zutaten': None, 'nachlass': None, 'genussplus': None, 'basicPrice': None, 'national': False, 'gueltig_bis': 1618610400000}, {'angebotid': 3072554, 'externeid': None, 'titel': 'DEKOR Laptopkissen', 'preis': 9.99, 'beschreibung': 'Kissenh\u00c3\u00bclle: 100% Baumwolle, F\u00c3\u00bcllung: K\u00c3\u00bcgelchen aus 100% Polystyrol, ideal f\u00c3\u00bcr Laptop und Tablet - optimaler Tischersatz, ca. 41 x 31 x 8 cm, verschiedene Dessins', 'punkte_deutschlandcard': '0', 'zusatztext': '*Nicht in allen Filialen erhaeltlich. Alle weiteren Informationen der Firma und Anschrift Ihres teilnehmenden EDEKA-Marktes finden Sie unter www.edeka.de/marktsuche oder unter der Telefonnummer 0800 724 28 55 (kostenfrei aus dem dt. Fest- und Mobilfunknetz). Alle Angebote g\u00c3\u00bcltig bis Samstag, 17.04.2021, KW 15. Wir haben uns f\u00c3\u00bcr diesen Zeitraum ausreichend bevorratet. Bitte entschuldigen Sie, wenn die Artikel auf Grund der gro\u00c3\u0178en Nachfrage dennoch im Einzelfall ausverkauft sein sollten. Abgabe in haushalts\u00c3\u00bcblichen Mengen. F\u00c3\u00bcr Darstellungsfehler \u00c3\u00bcbernehmen wir keine Haftung. EDEKA-Markt Minden-Hannover GmbH, Wittelsbacherallee 61, 32427 Minden.', 'bild_web90': 'https://offer-images.api.edeka/e28deb9d-82e4-456e-a8fd-91bf4696fa37_4311536135293_PER03_EK56.jpg', 'bild_web130': 'https://offer-images.api.edeka/830228f6-b821-4dd3-8850-83049c8a0da4_4311536135293_PER03_EK56.jpg', 'bild_app': 'https://offer-images.api.edeka/aa933487-5428-47cc-a447-fd89d82e66f1_4311536135293_PER03_EK56.jpg', 'warengruppe': 'Non-Food', 'warengruppeid': 8, 'kriterien': None, 'sonderkennzeichen': None, 'zutaten': None, 'nachlass': None, 'genussplus': None, 'basicPrice': None, 'national': False, 'gueltig_bis': 1618610400000}, {'angebotid': 3072555, 'externeid': None, 'titel': 'LG \"F14WM7LN0E\" Waschmaschine', 'preis': 333.0, 'beschreibung': 'Inverter-Motor: leise, langlebig, effizient, Aqua-Stopp-Schlauch f\u00c3\u00bcr mehr Sicherheit, digitales Touchdisplay mit Restanzeige und Startzeitvorwahl, Schleuderzahl einstellbar bis 1.400 U/Min.', 'punkte_deutschlandcard': '0', 'zusatztext': '*Nicht in allen Filialen erhaeltlich. Alle weiteren Informationen der Firma und Anschrift Ihres teilnehmenden EDEKA-Marktes finden Sie unter www.edeka.de/marktsuche oder unter der Telefonnummer 0800 724 28 55 (kostenfrei aus dem dt. Fest- und Mobilfunknetz). Alle Angebote g\u00c3\u00bcltig bis Samstag, 17.04.2021, KW 15. Wir haben uns f\u00c3\u00bcr diesen Zeitraum ausreichend bevorratet. Bitte entschuldigen Sie, wenn die Artikel auf Grund der gro\u00c3\u0178en Nachfrage dennoch im Einzelfall ausverkauft sein sollten. Abgabe in haushalts\u00c3\u00bcblichen Mengen. F\u00c3\u00bcr Darstellungsfehler \u00c3\u00bcbernehmen wir keine Haftung. EDEKA-Markt Minden-Hannover GmbH, Wittelsbacherallee 61, 32427 Minden.', 'bild_web90': 'https://offer-images.api.edeka/31ca9a79-71fe-4f98-bc58-bfe493f9558b_8806091085139_PER02_EK91.jpg', 'bild_web130': 'https://offer-images.api.edeka/fab27fe8-6050-48b3-b1cd-a9ac1e969cca_8806091085139_PER02_EK91.jpg', 'bild_app': 'https://offer-images.api.edeka/b5ef2258-0666-41c8-ac38-bc5c86a9fe6b_8806091085139_PER02_EK91.jpg', 'warengruppe': 'Non-Food', 'warengruppeid': 8, 'kriterien': None, 'sonderkennzeichen': None, 'zutaten': None, 'nachlass': None, 'genussplus': None, 'basicPrice': None, 'national': False, 'gueltig_bis': 1618610400000}, {'angebotid': 3072556, 'externeid': None, 'titel': 'WMF \"BUENO\" Kaffeemaschine', 'preis': 34.95, 'beschreibung': 'f\u00c3\u00bcr bis zu 10 Tassen, mit Aromaglaskanne, au\u00c3\u0178enliegende Wasserstandsanzeige, Tropfstopp, \u00c3\u0153berlaufsicherung, Warmhalteplatte, 1.000 Watt', 'punkte_deutschlandcard': '0', 'zusatztext': '*Nicht in allen Filialen erhaeltlich. Alle weiteren Informationen der Firma und Anschrift Ihres teilnehmenden EDEKA-Marktes finden Sie unter www.edeka.de/marktsuche oder unter der Telefonnummer 0800 724 28 55 (kostenfrei aus dem dt. Fest- und Mobilfunknetz). Alle Angebote g\u00c3\u00bcltig bis Samstag, 17.04.2021, KW 15. Wir haben uns f\u00c3\u00bcr diesen Zeitraum ausreichend bevorratet. Bitte entschuldigen Sie, wenn die Artikel auf Grund der gro\u00c3\u0178en Nachfrage dennoch im Einzelfall ausverkauft sein sollten. Abgabe in haushalts\u00c3\u00bcblichen Mengen. F\u00c3\u00bcr Darstellungsfehler \u00c3\u00bcbernehmen wir keine Haftung. EDEKA-Markt Minden-Hannover GmbH, Wittelsbacherallee 61, 32427 Minden.', 'bild_web90': 'https://offer-images.api.edeka/9a6fac0c-a580-49bf-ad6b-e1ca0e43d18d_4211129127943_PER_EK90.jpg', 'bild_web130': 'https://offer-images.api.edeka/7e46b468-f093-489d-837d-1aaa5725b44e_4211129127943_PER_EK90.jpg', 'bild_app': 'https://offer-images.api.edeka/d0b26232-e390-485b-873c-d4ba4435e175_4211129127943_PER_EK90.jpg', 'warengruppe': 'Non-Food', 'warengruppeid': 8, 'kriterien': None, 'sonderkennzeichen': None, 'zutaten': None, 'nachlass': None, 'genussplus': None, 'basicPrice': None, 'national': False, 'gueltig_bis': 1618610400000}, {'angebotid': 3072557, 'externeid': None, 'titel': 'Thermo-Einkaufskorb', 'preis': 6.99, 'beschreibung': '2 Tragegriffe, stabiler Alurahmen, 25 Liter, B x H x T: ca. 47 x 28 x 26 cm, verschiedene Farben', 'punkte_deutschlandcard': '0', 'zusatztext': '*Nicht in allen Filialen erhaeltlich. Alle weiteren Informationen der Firma und Anschrift Ihres teilnehmenden EDEKA-Marktes finden Sie unter www.edeka.de/marktsuche oder unter der Telefonnummer 0800 724 28 55 (kostenfrei aus dem dt. Fest- und Mobilfunknetz). Alle Angebote g\u00c3\u00bcltig bis Samstag, 17.04.2021, KW 15. Wir haben uns f\u00c3\u00bcr diesen Zeitraum ausreichend bevorratet. Bitte entschuldigen Sie, wenn die Artikel auf Grund der gro\u00c3\u0178en Nachfrage dennoch im Einzelfall ausverkauft sein sollten. Abgabe in haushalts\u00c3\u00bcblichen Mengen. F\u00c3\u00bcr Darstellungsfehler \u00c3\u00bcbernehmen wir keine Haftung. EDEKA-Markt Minden-Hannover GmbH, Wittelsbacherallee 61, 32427 Minden.', 'bild_web90': 'https://offer-images.api.edeka/13317106-488c-4ac5-8287-bc8d43b8b16a_4001696714123_PER_EK79.jpg', 'bild_web130': 'https://offer-images.api.edeka/00c5ae48-bf6d-4e38-8c31-29946af2d586_4001696714123_PER_EK79.jpg', 'bild_app': 'https://offer-images.api.edeka/f002281a-06ee-44b6-9a73-2de3999117a6_4001696714123_PER_EK79.jpg', 'warengruppe': 'Non-Food', 'warengruppeid': 8, 'kriterien': None, 'sonderkennzeichen': None, 'zutaten': None, 'nachlass': None, 'genussplus': None, 'basicPrice': None, 'national': False, 'gueltig_bis': 1618610400000}, {'angebotid': 3072558, 'externeid': None, 'titel': 'TEFAL \"SECURE 5 NEO V2\" Schnellkochtopf', 'preis': 44.95, 'beschreibung': 'patentiertes Sicherheitssystem, optimale Hitzeverteilung, 2-Stufen-Garregler: Intensiv-und Schonstufe, 6 Liter', 'punkte_deutschlandcard': '0', 'zusatztext': '*Nicht in allen Filialen erhaeltlich. Alle weiteren Informationen der Firma und Anschrift Ihres teilnehmenden EDEKA-Marktes finden Sie unter www.edeka.de/marktsuche oder unter der Telefonnummer 0800 724 28 55 (kostenfrei aus dem dt. Fest- und Mobilfunknetz). Alle Angebote g\u00c3\u00bcltig bis Samstag, 17.04.2021, KW 15. Wir haben uns f\u00c3\u00bcr diesen Zeitraum ausreichend bevorratet. Bitte entschuldigen Sie, wenn die Artikel auf Grund der gro\u00c3\u0178en Nachfrage dennoch im Einzelfall ausverkauft sein sollten. Abgabe in haushalts\u00c3\u00bcblichen Mengen. F\u00c3\u00bcr Darstellungsfehler \u00c3\u00bcbernehmen wir keine Haftung. EDEKA-Markt Minden-Hannover GmbH, Wittelsbacherallee 61, 32427 Minden.', 'bild_web90': 'https://offer-images.api.edeka/9546fef1-37bb-4d82-86c0-e85dbd52fef7_3045384362730_PER02_EK70.jpg', 'bild_web130': 'https://offer-images.api.edeka/9636536b-eabe-444e-a653-ae9ef4e0e9a4_3045384362730_PER02_EK70.jpg', 'bild_app': 'https://offer-images.api.edeka/614fce36-d7fd-4491-a089-6e473db654c4_3045384362730_PER02_EK70.jpg', 'warengruppe': 'Non-Food', 'warengruppeid': 8, 'kriterien': None, 'sonderkennzeichen': None, 'zutaten': None, 'nachlass': None, 'genussplus': None, 'basicPrice': None, 'national': False, 'gueltig_bis': 1618610400000}, {'angebotid': 3072559, 'externeid': None, 'titel': 'DEKOR Wohndecke Glow in the Dark', 'preis': 12.99, 'beschreibung': '100% Polyester, mit faszinierendem Leuchteffekt, angenehm weich, ca. 150 x 200 cm, verschiedene Dessins', 'punkte_deutschlandcard': '0', 'zusatztext': '*Nicht in allen Filialen erhaeltlich. Alle weiteren Informationen der Firma und Anschrift Ihres teilnehmenden EDEKA-Marktes finden Sie unter www.edeka.de/marktsuche oder unter der Telefonnummer 0800 724 28 55 (kostenfrei aus dem dt. Fest- und Mobilfunknetz). Alle Angebote g\u00c3\u00bcltig bis Samstag, 17.04.2021, KW 15. Wir haben uns f\u00c3\u00bcr diesen Zeitraum ausreichend bevorratet. Bitte entschuldigen Sie, wenn die Artikel auf Grund der gro\u00c3\u0178en Nachfrage dennoch im Einzelfall ausverkauft sein sollten. Abgabe in haushalts\u00c3\u00bcblichen Mengen. F\u00c3\u00bcr Darstellungsfehler \u00c3\u00bcbernehmen wir keine Haftung. EDEKA-Markt Minden-Hannover GmbH, Wittelsbacherallee 61, 32427 Minden.', 'bild_web90': 'https://offer-images.api.edeka/e41efae1-f40b-4bfa-95ac-e9ad6a3823a9_4311536135637_PER04_EK56.jpg', 'bild_web130': 'https://offer-images.api.edeka/308cb470-1deb-440d-bc8b-ac970434a9b5_4311536135637_PER04_EK56.jpg', 'bild_app': 'https://offer-images.api.edeka/d24f4022-fac1-47af-97d7-e373b7fe2d58_4311536135637_PER04_EK56.jpg', 'warengruppe': 'Non-Food', 'warengruppeid': 8, 'kriterien': None, 'sonderkennzeichen': None, 'zutaten': None, 'nachlass': None, 'genussplus': None, 'basicPrice': None, 'national': False, 'gueltig_bis': 1618610400000}, {'angebotid': 3072560, 'externeid': None, 'titel': 'DEKOR Federkissen', 'preis': 7.99, 'beschreibung': 'ca. 40 x 80 cm, Bezug: 100% Baumwolle, F\u00c3\u00bcllung: 100% wei\u00c3\u0178e Federn nach EN 12934, ideale St\u00c3\u00bctzkraft, reines Naturprodukt f\u00c3\u00bcr ein optimales Schlafklima', 'punkte_deutschlandcard': '0', 'zusatztext': '*Nicht in allen Filialen erhaeltlich. Alle weiteren Informationen der Firma und Anschrift Ihres teilnehmenden EDEKA-Marktes finden Sie unter www.edeka.de/marktsuche oder unter der Telefonnummer 0800 724 28 55 (kostenfrei aus dem dt. Fest- und Mobilfunknetz). Alle Angebote g\u00c3\u00bcltig bis Samstag, 17.04.2021, KW 15. Wir haben uns f\u00c3\u00bcr diesen Zeitraum ausreichend bevorratet. Bitte entschuldigen Sie, wenn die Artikel auf Grund der gro\u00c3\u0178en Nachfrage dennoch im Einzelfall ausverkauft sein sollten. Abgabe in haushalts\u00c3\u00bcblichen Mengen. F\u00c3\u00bcr Darstellungsfehler \u00c3\u00bcbernehmen wir keine Haftung. EDEKA-Markt Minden-Hannover GmbH, Wittelsbacherallee 61, 32427 Minden.', 'bild_web90': 'https://offer-images.api.edeka/10d6b7dd-8f85-4322-abaa-8557ea3e508b_4311536134128_PER03_EK56.jpg', 'bild_web130': 'https://offer-images.api.edeka/f2669a86-992b-4fab-8d31-a4bdd1308190_4311536134128_PER03_EK56.jpg', 'bild_app': 'https://offer-images.api.edeka/11603cc6-7a8e-41f2-b84c-29898208d6c7_4311536134128_PER03_EK56.jpg', 'warengruppe': 'Non-Food', 'warengruppeid': 8, 'kriterien': None, 'sonderkennzeichen': None, 'zutaten': None, 'nachlass': None, 'genussplus': None, 'basicPrice': None, 'national': False, 'gueltig_bis': 1618610400000}, {'angebotid': 3072561, 'externeid': None, 'titel': 'DEKOR Dekokissen Chenille', 'preis': 7.99, 'beschreibung': 'Bezug und F\u00c3\u00bcllung: 100% Polyester, mit edlem Glanz, ca. 45 x 45 cm, verschiedene Farben', 'punkte_deutschlandcard': '0', 'zusatztext': '*Nicht in allen Filialen erhaeltlich. Alle weiteren Informationen der Firma und Anschrift Ihres teilnehmenden EDEKA-Marktes finden Sie unter www.edeka.de/marktsuche oder unter der Telefonnummer 0800 724 28 55 (kostenfrei aus dem dt. Fest- und Mobilfunknetz). Alle Angebote g\u00c3\u00bcltig bis Samstag, 17.04.2021, KW 15. Wir haben uns f\u00c3\u00bcr diesen Zeitraum ausreichend bevorratet. Bitte entschuldigen Sie, wenn die Artikel auf Grund der gro\u00c3\u0178en Nachfrage dennoch im Einzelfall ausverkauft sein sollten. Abgabe in haushalts\u00c3\u00bcblichen Mengen. F\u00c3\u00bcr Darstellungsfehler \u00c3\u00bcbernehmen wir keine Haftung. EDEKA-Markt Minden-Hannover GmbH, Wittelsbacherallee 61, 32427 Minden.', 'bild_web90': 'https://offer-images.api.edeka/c692bfa2-1f92-496a-826e-205189634da6_4311536145087_PER03_EK56.jpg', 'bild_web130': 'https://offer-images.api.edeka/2defd79b-04a5-4401-b01e-dd579c02d276_4311536145087_PER03_EK56.jpg', 'bild_app': 'https://offer-images.api.edeka/c8b7c3d9-af95-44f6-a145-9a8b4a58a4c7_4311536145087_PER03_EK56.jpg', 'warengruppe': 'Non-Food', 'warengruppeid': 8, 'kriterien': None, 'sonderkennzeichen': None, 'zutaten': None, 'nachlass': None, 'genussplus': None, 'basicPrice': None, 'national': False, 'gueltig_bis': 1618610400000}]"